3018 5192
760 529 975 592 -64..

392 741 512 801 Praeter
526 742 668 814 ,Senecam
688 743 775 800 etiam
796 741 917 800 aliorum
938 742 1027 800 libros
1047 742 1152 801 adiisse
1171 743 1283 801 Aetnae
1306 746 1425 815 politam
1499 749 1500 784 ³

311 844 441 912 apertum
462 845 520 912 est,
541 841 663 900 maxime
689 838 856 915 Lucretii),
887 840 938 898 sed
968 840 1055 898 etiarn
1075 839 1194 912 Vergilii
1218 839 1266 898 hic
1289 840 1351 898 illic
1372 856 1426 899 nec

311 953 368 995 non
387 937 510 1008 Manilii3
543 937 663 998 fortasse
688 937 774 998 etiam
796 937 909 1010 Papirii
928 937 1051 996 Fabiani
1076 954 1225 998 causarum
1245 938 1424 996 naturalium
1499 1003 1500 1022 χ

310 1034 399 1094 libros
428 1035 464 1095 ob
495 1036 590 1095 oculos
620 1036 721 1094 habuit
739 1033 855 1093 Aetnae
878 1039 973 1108 posta.
1014 1035 1056 1094 Hi
1080 1040 1176 1093 tamen
1203 1040 1341 1102 auctores,
1358 1053 1424 1094 cum
1499 1023 1500 1026 '

311 1132 348 1190 ad
373 1138 494 1205 tempus,
521 1149 577 1204 quo
603 1133 764 1206 conscripta
788 1133 823 1192 sil
849 1130 959 1200 Aetna,
992 1133 1151 1191 accuratius
1171 1131 1363 1192 definiendum
1383 1133 1425 1191 nil
1499 1187 1500 1194 ,

309 1227 427 1300 faciant,
449 1246 589 1303 exponere
610 1231 645 1289 de
666 1230 861 1302 similitudine,
882 1246 954 1301 quae
974 1231 1050 1290 inter
1071 1246 1119 1288 eos
1140 1236 1170 1289 et
1189 1230 1300 1290 Aetnae
1319 1235 1424 1288 aueto-

309 1341 371 1384 rem
391 1328 564 1402 intercedat,
597 1328 685 1386 facile
715 1329 900 1403 supersedeo,
933 1345 996 1386 cnm
1026 1329 1196 1401 praesertim
1228 1328 1262 1387 de
1282 1327 1422 1387 Lucretio
1499 1335 1500 1390 l

310 1424 445 1497 pleraque
465 1431 598 1485 accurate
618 1431 649 1484 et
669 1425 821 1499 diligenter
846 1430 962 1485 enomta
981 1426 1107 1498 reperias
1120 1427 1149 1499 in
1163 1426 1278 1484 Aetnae
1292 1425 1421 1484 editione

310 1520 467 1582 Muuronis.
509 1524 628 1583 Graecis
649 1523 775 1583 fontibus
795 1540 878 1581 nsum
898 1540 959 1583 esse
981 1511 1091 1581 Aetnae
1112 1524 1281 1606 scriptorem
1301 1523 1332 1580 in
1359 1523 1422 1580 nui·

310 1632 426 1676 versum
445 1619 539 1679 miuus
558 1621 714 1694 probabile.
739 1654 774 1664 —
1122 1633 1126 1641 ¹

389 1715 472 1775 Haec
491 1718 576 1777 hodie
596 1720 666 1778 satis
686 1719 777 1777 habeo
797 1719 964 1791 protulisse:
998 1722 1028 1775 at
1057 1733 1124 1776 vero
1151 1717 1284 1777 simodo
1309 1717 1421 1788 aliquid

313 1812 404 1871 bonae
426 1813 515 1889 fragm
535 1816 590 1885 eis,
611 1833 697 1889 penes
716 1833 788 1888 quos
808 1822 852 1875 est
871 1817 916 1875 his
937 1816 972 1875 de
995 1816 1083 1880 rebus,
1099 1815 1248 1888 iudicium,
1273 1815 1421 1874 videbitur

313 1909 423 1970 Aetnae
453 1913 595 1984 poematio
626 1914 779 1972 accessisse
808 1914 863 1972 hac
893 1930 957 1973 mea
988 1913 1201 1986 dissertatione,
1233 1918 1267 1971 nt
1296 1913 1327 1971 in
1349 1915 1420 1972 haec
1499 1987 1500 1996 ἵ

312 2009 409 2068 studia
433 2011 588 2083 diligenter
607 2012 769 2071 incumbere
783 2029 911 2086 pergam,
933 2011 1101 2085 gratissimis
1117 2011 1239 2070 stimulis
1253 2027 1303 2069 ero
1324 2011 1421 2069 conci-

311 2111 398 2167 tatus.
436 2108 623 2168 Emendauda
654 2110 730 2168 enim
761 2110 832 2168 satis
862 2110 953 2167 multa
975 2113 1088 2166 restant
1111 2108 1141 2166 in
1165 2107 1290 2165 carmine
1310 2112 1418 2174 nostro,
1499 2125 1500 2168 l

312 2205 387 2276 qnod
418 2211 461 2264 est
485 2206 515 2264 iu
536 2207 765 2280 corruptissimis
786 2213 815 2266 et
836 2207 871 2265 ob
895 2207 927 2265 id
946 2207 1040 2279 ipsum
1061 2204 1234 2267 difficillimis
1252 2205 1344 2289 totius
1364 2205 1419 2263 La

311 2303 390 2360 tinae
410 2318 537 2375 poeseos.
578 2306 639 2376 Quo
661 2305 750 2378 magis
770 2305 852 2378 mihi,
885 2308 918 2362 ut
947 2289 997 2377 qni
1021 2305 1163 2377 primitias
1187 2319 1265 2361 meas
1284 2304 1315 2360 iu
1335 2303 1418 2361 horto

310 2401 453 2473 inhospito
474 2408 640 2476 concerptas
660 2418 826 2476 proponam,
848 2404 873 2462 si
893 2403 961 2476 quid
980 2403 1105 2460 nondum
1125 2402 1195 2461 satis
1214 2402 1366 2473 maturuit,
1386 2406 1418 2458 ut

310 2499 421 2557 veniam
451 2499 521 2558 dent
544 2499 653 2558 iudices
665 2575 666 2580 ἵ
678 2500 761 2572 aequi
786 2517 820 2559 ac
841 2499 958 2558 candidi
976 2515 1048 2558 neve
1068 2499 1191 2556 immites
1211 2514 1242 2557 se
1260 2497 1416 2570 praebeant
1499 2563 1500 2572 χ

309 2595 339 2653 in
360 2597 509 2678 censendo,
529 2598 585 2656 hoc
604 2599 652 2656 hic
672 2613 755 2656 orare
775 2597 845 2654 mihi
864 2597 965 2655 videor
984 2613 1041 2654 nou
1061 2598 1123 2655 sine
1142 2597 1212 2655 iure.
1238 2627 1273 2638 -
1499 2577 1500 2588 ἵ

385 2781 411 2850 ¹)
425 2779 466 2836 cf.
483 2763 619 2851 imprimis
631 2779 679 2848 VI,
696 2782 837 2836 535-702
857 2781 899 2837 ed.
911 2779 1024 2837 Lachm.
1036 2779 1182 2836 Lucretius
1195 2780 1247 2834 etsi
1264 2778 1340 2834 haud
1356 2794 1415 2833 raro

313 2885 376 2924 cum
394 2865 431 2924 eov
447 2871 585 2926 consentit
596 2869 710 2941 Seneca,
727 2871 822 2925 tamen
833 2886 890 2924 non
909 2871 1019 2941 saepius
1030 2887 1114 2942 quam
1126 2869 1272 2942 quinquies
1285 2885 1302 2923 a
1315 2868 1417 2925 Seneca

312 2958 466 3026 laudatum¹
483 2959 547 3014 hinc
575 2958 738 3014 coniecerim
763 2957 895 3014 maluisse
915 2957 1048 3015 Senecam
1069 2957 1193 3014 Lucretii
1217 2957 1308 3013 fontes
1336 2957 1417 3028 adire,

313 3061 396 3117 quarn
413 3047 505 3116 ipsum
522 3046 693 3115 Lucretium
717 3046 818 3116 legisse
835 3048 921 3118 igitur
939 3047 1084 3119 Senecam,
1107 3047 1155 3118 qui
1172 3047 1283 3102 omniuo
1301 3057 1317 3102 e
1336 3045 1416 3103 Grae·
1499 3105 1500 3114 ,

312 3151 407 3190 corum
433 3135 661 3206 philosophorum
691 3137 801 3206 scriptis
828 3137 949 3206 plurima
976 3136 1082 3207 hausit,
1107 3135 1221 3206 Epicuri
1242 3126 1300 3206 περὶ
1319 3133 1415 3206 φύσεως

310 3224 451 3280 volumina
469 3225 617 3280 studiosius
639 3240 722 3296 quarn
739 3224 862 3281 Lucretii
884 3225 920 3281 de
942 3241 1035 3280 rerum
1057 3227 1157 3280 natura
1173 3225 1259 3280 libros
1277 3223 1358 3280 valde
1375 3225 1415 3278 est

310 3313 466 3384 probabile:
490 3331 513 3370 e.
537 3329 576 3383 gr.
600 3314 635 3371 N.
658 3315 690 3382 Q.
715 3312 762 3385 VI,
780 3315 841 3384 20,b
860 3315 973 3384 exponit
990 3314 1104 3384 Epicuri
1122 3313 1288 3370 senteutiam
1306 3311 1415 3383 Seneca,

311 3402 385 3457 tecet
403 3403 437 3459 de
454 3401 595 3459 Lucretio:
623 3405 652 3458 et
674 3405 785 3473 poterat
795 3419 835 3474 ¹re
853 3419 919 3458 vera
934 3419 986 3458 suo
1004 3403 1065 3458 iure
1082 3402 1229 3472 neglegere
1246 3401 1414 3457 Lucretium:

310 3507 377 3549 nam
393 3491 441 3552 hic,
454 3491 581 3560 magistri
598 3491 632 3546 de
650 3492 742 3552 terrae
759 3491 880 3547 motibus
899 3491 1053 3548 doctrinam
1074 3489 1160 3546 refert
1179 3489 1368 3546 tantummodo
1385 3505 1414 3544 rc

312 3595 374 3634 cnm
391 3580 440 3636 isso
451 3581 645 3658 consentiens.
708 3641 709 3646 η
