3108 5202
777 601 993 664 ..10-

328 815 461 874 nimirum
481 832 539 876 non
559 813 650 873 solum
670 827 772 869 aurum
792 811 947 882 quaeritur,
974 813 1024 871 sed
1050 814 1138 872 etiam
1163 822 1313 889 argentum
1334 823 1364 876 et
1384 819 1452 879 alia

327 913 458 986 pretiosa
478 911 598 971 metalla
616 911 647 967 11
667 913 809 967 terrarum
829 907 910 965 venis
930 909 1105 970 abscondita.

407 1010 535 1068 Transeo
556 1008 594 1065 ad
609 1005 798 1078 Gyraldinum
812 1003 939 1062 codicem
957 1009 1073 1076 praeter
1094 1012 1207 1066 ceteros
1227 1009 1315 1068 libros
1336 1011 1451 1071 virtute

327 1121 361 1164 ac
392 1105 571 1178 praestantia
601 1106 771 1174 spectatum.
812 1101 903 1172 Quam
929 1107 1025 1160 antem
1050 1119 1150 1161 verum
1176 1106 1214 1163 sit
1233 1105 1306 1164 illud
1329 1107 1452 1166 ‘habent

327 1218 379 1261 sna
402 1201 463 1259 fata
476 1200 584 1272 libelli’,
593 1207 664 1256 ‘non
678 1197 776 1270 potest
790 1195 851 1255 fere
864 1197 967 1255 molius
981 1197 1121 1256 illustrari
1134 1215 1219 1270 quam
1233 1201 1287 1259 hoc
1301 1205 1449 1276 exemplo.

327 1299 460 1358 Breviter
481 1298 550 1370 quid
569 1297 613 1355 rei
633 1296 671 1352 sit
691 1295 840 1353 enarrabo.

407 1396 530 1454 Exstitit
549 1394 618 1452 olim
639 1393 729 1451 codex
751 1396 866 1463 praeter
880 1390 1033 1449 Claudiani
1054 1408 1142 1464 opera
1156 1394 1305 1452 continens
1319 1394 1449 1454 Aetnam

326 1497 460 1560 nostram,
483 1507 567 1562 quam
586 1489 723 1548 librarius
743 1493 898 1560 propteroa
916 1492 950 1544 ut
969 1487 1082 1546 videtur
1102 1489 1258 1548 Claudiano
1280 1491 1445 1565 addiderat,

327 1590 396 1661 quia
416 1590 488 1648 locis
509 1587 652 1668 nonnullis
672 1584 797 1643 Aetnam
823 1589 1027 1643 commemorat
1049 1585 1232 1646 Olaudianus.
1273 1588 1327 1645 ille
1352 1589 1448 1647 codex

327 1691 462 1745 exaratus
483 1689 546 1744 erat
567 1685 679 1743 saeculo
704 1682 765 1741 fere
790 1687 900 1739 octavo.
944 1681 997 1751 Qui
1023 1686 1118 1740 autem
1144 1683 1201 1740 viri
1226 1683 1332 1742 librum
1362 1686 1450 1743 illum

328 1783 464 1855 deinceps
484 1781 664 1854 possederint
689 1780 843 1851 nescimus,
876 1779 932 1837 nisi
958 1779 1033 1850 qnod
1059 1761 1260 1839 celeberrimus
1280 1782 1329 1839 ille
1348 1782 1450 1840 Fran-

327 1879 418 1937 ciscus
438 1879 599 1939 Petrarcha
618 1875 843 1954 (1304--1374)
864 1876 902 1933 ad
922 1881 1033 1948 tempus
1054 1877 1135 1934 illum
1155 1877 1261 1936 librum
1282 1879 1447 1950 possedisse

327 1975 463 2034 creditur.
506 1975 591 2034 Circa
627 1990 732 2033 annum
759 1974 835 2032 1500
863 1972 938 2031 idem
969 1973 1018 2031 ille
1049 1975 1270 2045 ‘antiquissimus
1303 1981 1381 2034 certe
1413 1981 1448 2034 et

328 2072 487 2144 castigatus
509 2072 606 2131 codex'
627 2072 657 2129 11
677 2087 777 2129 manns
801 2071 903 2129 incidit
923 2069 1067 2143 Gyraidc,
1100 2073 1161 2143 qui,
1194 2077 1228 2130 ut
1256 2072 1318 2144 ipse
1343 2078 1450 2144 aperte

328 2170 400 2228 dicit
426 2169 475 2243 (de
500 2174 651 2241 poetarum
676 2169 777 2227 histor.
804 2165 871 2225 dial.
893 2166 937 2226 IV
956 2184 982 2239 p.
1006 2167 1088 2242 259),
1120 2166 1246 2226 Aetnam
1278 2186 1314 2226 ex
1344 2170 1448 2228 eodem

329 2266 381 2324 illo
413 2266 511 2324 codice
542 2265 695 2325 Claudiani
726 2266 787 2337 ipse
818 2281 869 2323 sua
899 2280 986 2322 mann
1016 2265 1175 2337 descripsit.
1222 2265 1289 2324 Hoc
1321 2266 1447 2339 Gyraldi

328 2365 516 2436 apographon
535 2364 621 2421 hodie
648 2363 829 2436 deperditum
854 2367 910 2430 est,
942 2361 1019 2419 idem
1049 2361 1140 2420 fatum
1170 2363 1272 2421 habuit
1298 2368 1445 2422 vetustum

328 2461 401 2518 illud
422 2462 569 2533 exemplar
590 2460 762 2533 apographi.
785 2460 877 2517 -At
896 2459 1082 2516 nihilominus
1102 2459 1206 2518 scimus
1226 2460 1320 2533 hodie,
1343 2461 1392 2532 qui
1412 2463 1446 2520 in

328 2557 480 2616 Claudiani
501 2558 598 2617 codice
618 2559 669 2615 illo
690 2556 848 2616 venerabili
867 2556 978 2614 Aetnae
998 2571 1133 2613 versuum
1154 2557 1309 2616 138-287
1332 2559 1446 2616 exhibi-

327 2658 375 2713 tus
395 2655 486 2713 merit
505 2659 608 2714 textus.
651 2654 733 2726 Quod
754 2654 803 2725 qui
821 2653 929 2710 iactum
943 2653 988 2724 sit,
1011 2669 1086 2710 nnnc
1099 2653 1169 2709 mihi
1184 2660 1228 2711 est
1241 2654 1444 2716 enarrandum.
1507 2683 1508 2710 ι

328 2751 427 2822 Atque
451 2768 525 2809 anno
551 2751 664 2823 quidem
687 2751 764 2808 1482
785 2748 894 2820 publici
919 2749 989 2806 iuris
1014 2746 1093 2806 facta
1118 2754 1162 2807 est
1181 2748 1335 2808 Claudiani
1355 2751 1446 2811 editio

328 2847 462 2919 princeps
475 2848 637 2918 Vicentina,
660 2847 740 2904 cuius
761 2845 894 2903 editionis
914 2861 1002 2901 unum
1022 2846 1168 2917 exemplar
1188 2846 1219 2902 in
1238 2863 1320 2903 usum
1340 2846 1446 2909 abiisse

328 2942 533 3003 efflorescentia
557 2950 619 3003 tum
645 2944 835 3003 bibliothecae
860 2943 1074 3002 Laurentianae
1098 2959 1157 3002 non
1181 2944 1340 3004 miraberis.
1381 2945 1447 3002 Iam
1506 3015 1507 3034 Χ

328 3041 428 3099 eodem
453 3046 487 3098 ut
512 3042 627 3099 videtur
652 3057 726 3100 anno
751 3041 827 3098 1482
852 3041 897 3097 vir
923 3040 1024 3098 doctus
1054 3041 1151 3099 nescio
1181 3041 1245 3113 quis
1276 3057 1326 3100 sno
1347 3042 1446 3102 Marte

329 3137 456 3194 instituit
473 3138 612 3210 principis
625 3137 778 3195 Claudiani
792 3137 928 3195 editionis
941 3137 971 3195 id
984 3137 1079 3209 ipsum
1093 3139 1240 3211 exemplar
1252 3138 1446 3198 bibliothecae

329 3233 460 3292 conferre
481 3249 545 3291 cum
565 3233 617 3290 illo
642 3234 833 3292 vetustissimo
860 3234 957 3293 codice
978 3233 1141 3306 Olaudiani,
1172 3236 1222 3307 qui
1246 3235 1382 3308 privatim
1406 3237 1445 3296 ab

331 3330 447 3388 homine
466 3330 561 3388 nescio
583 3345 638 3400 quo
659 3329 866 3401 possidebatur,
888 3346 1018 3388 necnon
1038 3331 1151 3389 Aetnae
1171 3337 1284 3402 partem
1305 3331 1362 3407 (vv.
1386 3333 1445 3390 138

331 3426 442 3502 487)
473 3430 558 3497 atque
586 3425 674 3484 etiam
699 3426 851 3484 Claudiani
877 3427 1014 3484 nonnulla
1039 3443 1093 3485 sua
1115 3444 1202 3485 manu
1227 3429 1388 3487 describere
1412 3435 1445 3489 et

327 3524 372 3581 illi
392 3523 550 3595 exemplari
574 3523 688 3596 publico
709 3524 870 3597 adiungere.
913 3524 971 3582 Gur
990 3541 1059 3584 vero
1084 3526 1139 3584 hoc
1164 3527 1342 3598 potissimum
1366 3524 1444 3598 frag-

327 3625 455 3677 mentum
469 3619 584 3678 Aetnae
597 3620 649 3678 ille
662 3620 718 3678 sibi
736 3620 866 3693 elegerit,
889 3637 940 3679 cur
960 3621 991 3678 in
1011 3622 1105 3680 medio
1126 3624 1273 3680 enuntiato
1294 3623 1442 3695 inceperit,

328 3716 359 3774 in
380 3717 474 3774 medio
496 3716 622 3790 desierit,
643 3717 722 3777 haud
734 3715 819 3776 facila
839 3717 953 3776 dixeris.
975 3719 1111 3777 Fortasse
1131 3719 1204 3776 haec
1228 3719 1362 3777 carminis
1376 3734 1445 3791 pars

327 3814 453 3871 nondum
474 3814 546 3874 adeo
567 3818 723 3873 evanuerat
743 3815 773 3872 11
795 3815 901 3886 codice,
923 3819 956 3872 nt
977 3819 1092 3874 ceterae
1106 3816 1235 3889 paginae.
1268 3815 1359 3874 Panlo
1378 3823 1445 3887 post

328 3911 402 3968 alter
431 3910 516 3969 homo
547 3911 627 3969 illam
657 3911 816 3984 principem
847 3912 1002 3970 editionem
1027 3911 1179 3970 Claudiani
1204 3929 1239 3970 ex
1269 3913 1445 3974 bibliotheca
1503 3945 1504 3972 ι

328 4006 527 4065 Laurentisne
548 4008 736 4080 deprompsit,
764 4009 845 4067 cuius
872 4009 965 4067 ‘docto
986 4005 1136 4068 desiderio'
1156 4008 1263 4068 factum
1283 4027 1346 4070 esse
1365 4010 1444 4070 vide·

328 4109 391 4176 tur,
423 4108 456 4161 nt
476 4119 575 4162 versus
598 4104 752 4162 138-271
778 4103 814 4146 ἑ
835 4105 863 4165 h.
886 4122 910 4165 e.
930 4107 1013 4178 longe
1039 4106 1165 4178 plurima
1189 4123 1314 4178 pars-
1336 4107 1367 4165 in
1390 4108 1443 4170 illa

329 4201 455 4260 editione
475 4199 628 4259 Claudiani
647 4201 733 4259 hodie
752 4201 809 4260 siut
835 4201 962 4273 abscissi,
989 4207 1104 4261 exstent
1128 4205 1324 4262 tantummodo
1344 4221 1442 4266 versus

329 4299 496 4371 ata-287,
520 4298 570 4369 qui
590 4297 685 4356 adhuc
706 4302 857 4364 servantur
870 4298 900 4355 11
914 4298 1104 4358 bibliothecae
1117 4299 1331 4359 Laurentianae
1345 4302 1442 4363 codice
1502 4379 1503 4384 ἵ
