3108 5202
750 585 969 652 -53-

304 799 424 872 rupibus
445 802 630 874 cavernisque
650 801 851 874 proruentibus
871 811 975 872 magno
997 815 1060 860 cum
1079 799 1186 872 impetu
1217 797 1412 874 (309-311),

305 897 409 957 deinde
429 905 525 958 autem
546 905 579 958 ut
592 901 671 958 venti
685 904 846 970 nascantur,
867 900 964 970 potest
978 903 1008 956 et
1020 897 1062 958 ite
1074 895 1146 969 sueri,
1161 901 1194 954 ut
1204 913 1288 956 umor
1301 897 1414 955 subter-

305 1011 409 1054 raneus
430 997 550 1057 nebulas
570 999 693 1068 emittat,
714 997 788 1055 sicut
807 997 838 1054 in
857 999 956 1056 nostro
968 1000 1122 1068 conspectu
1132 1011 1168 1052 ex
1183 995 1312 1052 amnibus
1322 994 1414 1052 solent

304 1098 355 1152 aut
375 1094 498 1154 vallibus
518 1111 679 1168 assurgere:
701 1094 825 1166 primum
845 1097 911 1152 sunt
932 1107 1023 1165 parva
1036 1099 1066 1151 et
1078 1092 1154 1151 leuia
1167 1089 1290 1163 flamina,
1312 1091 1414 1150 deinde

252 1237 264 1259 ,
303 1191 409 1250 umoris
435 1193 549 1251 assidue
579 1192 754 1266 aspiratione
774 1191 915 1264 paulatim
935 1206 1068 1248 aurarum
1089 1189 1147 1248 vim
1174 1193 1242 1247 aute
1262 1205 1293 1246 se
1318 1196 1413 1261 agunt,

304 1305 377 1358 quae
397 1289 435 1348 ad
454 1296 601 1348 ventorum
621 1291 710 1349 robur
729 1289 858 1362 proxime
878 1287 1001 1347 accedit:
1024 1292 1053 1345 et
1073 1287 1122 1348 ubi
1141 1287 1264 1359 primum
1279 1302 1414 1344 aurarum

304 1386 407 1458 aliquis
428 1392 542 1446 coortus
563 1392 607 1446 est
626 1387 763 1460 impetus,
793 1385 871 1444 brevi
898 1389 1026 1456 tempore
1047 1385 1084 1443 ad
1103 1400 1202 1442 verum
1225 1383 1276 1441 ille
1296 1388 1413 1442 ventum

303 1488 426 1556 augetur
445 1482 640 1559 (312-316).

347 1583 460 1652 „Atque
480 1581 552 1640 baec
571 1581 606 1638 in
625 1596 733 1639 vacuo
755 1581 794 1656 (h.
816 1598 840 1638 e.
861 1581 891 1638 iu
912 1577 1061 1652 superficie
1080 1580 1165 1640 buius
1185 1579 1294 1654 terrae)

950 1677 974 1735 si
994 1680 1075 1734 tanta
1095 1676 1225 1749 potentia
1243 1693 1340 1733 rorum
1361 1681 1413 1748 est,

344 1777 406 1833 Hoc
427 1777 511 1848 plura
525 1775 650 1836 efficiant
670 1775 764 1835 infra
784 1776 814 1852 (i.
829 1793 855 1836 e.
870 1777 922 1835 sub
943 1775 1034 1851 terra)
1056 1775 1182 1848 clusique
1207 1791 1320 1834 necesse
1342 1781 1410 1834 est¹⁴

305 1874 388 1932 Haec
406 1875 464 1931 iam
493 1874 580 1946 plana
609 1878 675 1933 sunt
705 1873 800 1932 omnia
819 1891 855 1934 ex
874 1889 938 1932 mea
962 1873 1208 1946 interpretatione.
1248 1872 1303 1930 Est
1325 1873 1414 1945 igitur

309 1976 375 2046 post
395 1987 507 2030 versum
529 1972 587 2031 308
608 1971 781 2045 cogitatione
801 1972 989 2044 supplendum
1009 1971 1069 2029 tale
1088 1970 1158 2042 quid
1181 1971 1264 2042 quale
1287 1974 1415 2028 nostrum

309 2087 358 2140 ,so
379 2069 518 2127 vernimm
539 2069 640 2136 deum‘,
661 2074 694 2126 ut
714 2069 887 2140 saepissime,
908 2068 939 2126 id
959 2069 1036 2141 quod
1057 2073 1086 2125 et
1105 2084 1157 2126 nos
1176 2069 1206 2124 in
1219 2067 1348 2126 versione
1361 2082 1415 2138 per

310 2167 564 2239 breviloquentiam
585 2167 726 2238 quandam
746 2183 893 2239 possumus
920 2167 1060 2225 omittere.
1102 2165 1158 2224 Sed
1188 2164 1246 2226 iam
1271 2163 1416 2222 videamus

310 2266 458 2324 Senecam!
498 2267 534 2324 N.
558 2266 590 2337 Q.
611 2267 646 2338 V,
669 2267 685 2324 7
708 2267 779 2324 haec
804 2268 949 2339 leguntur:
993 2266 1044 2335 ,In
1064 2265 1239 2324 universum
1257 2262 1292 2322 de
1321 2263 1415 2320 ventis

307 2363 439 2431 diximus,
460 2379 536 2420 nunc
555 2365 663 2422 viritim
682 2364 850 2436 incipiamus
871 2363 936 2421 illos
950 2368 1096 2421 excutere:
1117 2360 1239 2420 fortasse
1252 2360 1412 2432 adparebit,

306 2460 543 2533 quemadmodum
573 2460 651 2534 fiant,
683 2462 708 2519 si
738 2462 911 2534 adparuerit,
943 2461 1056 2532 quando
1088 2464 1118 2517 et
1147 2460 1223 2518 unde
1246 2459 1412 2531 procedant.

308 2557 437 2616 Primum
458 2574 527 2630 ergo
549 2559 731 2616 antelucanos
751 2556 859 2616 ssatus
879 2557 1070 2630 inspiciamus,
1093 2556 1141 2626 qui
1161 2561 1221 2613 aut
1242 2573 1282 2614 ex
1302 2557 1414 2615 flumi-

305 2655 400 2714 nibus
421 2659 480 2713 aut
501 2671 541 2712 ex
561 2655 786 2714 convallibus
817 2659 867 2712 aut
888 2671 923 2712 ex
948 2653 1043 2726 aliquo
1067 2653 1130 2712 sinu
1159 2652 1293 2712 feruntur
1322 2697 1330 2713 .
1364 2698 1372 2712 .
1405 2697 1413 2710 .

305 2751 372 2810 Hoc
392 2756 545 2810 ventorum
564 2769 651 2824 genus
673 2797 680 2812 .
703 2796 710 2820 ,
733 2797 740 2811 .
761 2751 828 2809 inde
848 2751 970 2809 maxime
991 2751 1077 2823 veuit,
1099 2751 1148 2808 ubi
1169 2767 1305 2822 aquarum
1325 2751 1415 2823 pluri-

308 2865 385 2905 mum
405 2854 435 2906 et
455 2850 593 2908 montium
614 2854 665 2908 est.
707 2848 801 2907 Plana
820 2849 888 2908 licet
908 2849 1053 2908 abundent
1072 2849 1167 2920 aquis,
1196 2854 1295 2906 carent
1315 2866 1412 2922 aura,

304 2946 369 3004 hac
390 2946 476 3018 dico,
507 2961 594 3017 quae
627 2962 687 3019 pro
718 2951 822 3004 vento
842 2947 969 3005 valet.“
1011 2945 1113 3014 Vides,
1144 2961 1230 3017 quam
1250 2945 1322 3004 bene
1342 2947 1416 3004 haec

309 3043 460 3101 concinant
480 3060 543 3101 cum
554 3048 685 3115 poemate
696 3048 726 3102 et
735 3042 844 3102 videbis
857 3043 959 3102 melius
974 3044 1068 3114 etiam,
1090 3043 1179 3118 piboc
1194 3044 1247 3101 tibi
1261 3042 1412 3101 addidero:

305 3139 409 3210 Itaque
429 3140 605 3199 montibus
625 3140 756 3200 inclusi
776 3156 856 3199 rores
876 3141 1027 3198 maximam
1047 3140 1191 3213 accipiunt
1211 3141 1268 3198 vim
1292 3157 1327 3198 ex
1347 3141 1414 3199 doc-

308 3236 385 3294 trina
405 3236 538 3309 Senecae,
562 3245 621 3310 ‘pro
641 3243 726 3297 vento
747 3238 906 3296 valentem'.
948 3238 1012 3296 Hoc
1031 3242 1127 3296 autem
1147 3238 1254 3310 optime
1267 3238 1417 3296 transtulit

307 3334 479 3392 assentiente
499 3333 608 3392 Seneca
638 3336 673 3394 N.
695 3336 728 3407 Q.
747 3334 785 3402 V,
809 3338 854 3408 14,
877 3337 895 3394 2
920 3341 951 3393 et
971 3337 987 3391 3
1019 3335 1133 3394 Aetnae
1165 3342 1266 3395 auctor
1295 3337 1333 3394 ad
1353 3353 1414 3394 au·

305 3431 443 3503 gustias
465 3433 731 3505 subterraneas,
757 3433 859 3504 quibus
879 3433 1034 3492 verisimile
1054 3435 1105 3502 sit,
1127 3450 1260 3492 aurarum
1279 3434 1338 3492 vim
1358 3451 1416 3492 uon

308 3527 402 3585 minus
422 3529 529 3587 arctari
549 3535 635 3601 atque
656 3530 729 3602 acui,
751 3546 836 3601 quam
857 3531 1047 3589 circumiectis
1066 3531 1208 3590 montibus
1222 3532 1252 3588 in
1265 3529 1416 3604 superficie

307 3625 392 3683 huius
412 3627 516 3694 temne,
550 3628 624 3699 quod
654 3643 754 3685 verum
785 3633 836 3686 est.
878 3627 1022 3699 Loquitur
1047 3629 1134 3704 igitur
1163 3629 1198 3687 de
1227 3627 1305 3702 flatu,
1333 3645 1414 3696 aura,

305 3727 390 3781 vento
416 3723 535 3795 denique
560 3724 682 3786 Seneca:
713 3725 827 3784 cosdem
856 3726 963 3798 gradus
992 3726 1080 3785 babes
1101 3726 1137 3787 N.
1159 3727 1192 3798 Q.
1213 3727 1269 3796 III,
1292 3727 1339 3794 25,
1361 3725 1416 3801 8.¹)

306 3817 364 3876 Sed
384 3820 459 3878 unde
480 3822 595 3880 taudem
614 3823 664 3880 ille
684 3819 770 3882 flatus
791 3821 900 3881 oritur?
942 3824 1002 3882 Iam
1022 3825 1133 3884 Aetnae
1159 3829 1246 3897 poeta
1265 3825 1416 3882 humorem

308 3916 338 3972 in
372 3933 458 3977 causa
492 3935 552 3977 esse
585 3919 648 3977 vult
684 3919 803 3978 nebulas
844 3920 1029 3983 emittentem.
1084 3921 1160 3982 Vide
1194 3921 1285 3994 modo,
1330 3937 1417 3992 quam

306 4019 383 4074 totus
434 4016 471 4075 sit
508 4015 633 4076 Senecae
690 4017 820 4077 doctrina
866 4019 993 4084 imbutus
1040 4019 1154 4079 Aetnae
1202 4020 1315 4079 auctor!
1376 4019 1414 4076 N.

377 4235 398 4305 ¹)
417 4234 550 4292 Similiter
566 4240 639 4306 adra,
662 4236 798 4307 spiritum,
819 4237 933 4292 ventum
951 4237 1096 4306 distinguit
1113 4237 1219 4296 Seneca
1230 4238 1265 4294 N.
1278 4237 1310 4307 Q.
1329 4237 1362 4310 V,
1383 4242 1417 4296 13

306 4341 328 4381 s.
346 4323 375 4396 f,
391 4339 571 4396 quamquam
597 4325 627 4379 in
645 4325 805 4380 universum
821 4325 882 4395 ipse
900 4322 958 4380 fere
976 4325 1131 4396 promiscue
1150 4327 1190 4382 eis
1208 4327 1299 4384 verbis
1320 4328 1418 4388 utitur.
