3108 5202
615 611 952 715 b-18-

297 841 381 897 quam
394 828 490 883 textus
505 822 735 882 constitutionem
748 821 903 881 verisimile
924 826 967 879 est
986 821 1073 878 etiam
1093 825 1222 880 nostrum
1241 819 1397 892 interpola-

300 929 391 981 torem
411 922 441 979 in
461 919 617 993 exemplari
636 935 686 978 suo
707 919 854 985 iuvenisse,
885 917 1048 990 priusquam
1078 917 1115 976 ad
1146 917 1275 976 criticam
1304 921 1397 974 artem

298 1019 483 1078 exercendam
503 1034 533 1078 se
554 1020 742 1076 converteret.
783 1015 898 1074 Gonieio
919 1020 1014 1072 autem
1039 1031 1150 1072 omnem
1168 1013 1398 1086 interpolationis

298 1121 406 1190 pestem
425 1116 492 1174 inde
512 1119 605 1172 ortam
625 1129 686 1173 esse
706 1114 856 1184 hocloco,
884 1111 961 1184 quod
980 1111 1169 1182 interpolator
1189 1112 1219 1168 in
1239 1109 1396 1182 exemplari

297 1230 348 1272 suo
378 1211 634 1284 interpunctionem
663 1209 827 1283 reperiebat
856 1225 912 1266 non
942 1211 1020 1280 ante,
1055 1207 1106 1268 sed
1136 1212 1201 1281 post
1230 1207 1398 1266 vocabulum

299 1311 398 1381 „illae“
421 1342 459 1352 -
479 1309 510 1366 111
529 1308 585 1366 fine
604 1323 702 1366 versus
723 1339 760 1349 -
781 1306 903 1379 positam
923 1321 941 1363 a
960 1304 1067 1364 stolido
1087 1304 1195 1376 scriba,
1227 1303 1275 1375 qui
1295 1307 1398 1376 poetae

298 1410 421 1466 mentem
441 1406 513 1464 nihil
533 1408 684 1464 curaverat
703 1404 733 1461 in
753 1402 947 1462 describendo.
986 1402 1052 1462 Jam
1072 1402 1151 1460 uenit
1163 1400 1289 1460 medicus
1307 1401 1399 1460 inter-

300 1506 414 1578 polator
433 1503 510 1562 ferro
524 1503 637 1576 ignique
657 1503 821 1562 instructus.
861 1501 989 1558 Primum
1008 1501 1035 1559 ei
1054 1499 1220 1571 displicebat
1239 1498 1313 1555 illud
1336 1513 1398 1566 „ar-

299 1601 376 1660 tibus
409 1602 511 1659 illae“:
552 1600 720 1659 meminerat
753 1599 828 1658 enim
861 1615 891 1657 se
925 1597 1057 1656 didicisse
1091 1597 1246 1656 ablativum
1279 1594 1399 1668 pluralis

303 1697 394 1768 „illis“
416 1698 542 1769 formari,
564 1698 640 1770 quod
659 1697 720 1756 eine
740 1711 821 1753 mora
840 1694 975 1754 restituit.
1016 1692 1074 1752 Sed
1094 1693 1150 1751 iam
1175 1693 1255 1750 locus
1274 1689 1400 1749 nondum

301 1800 365 1856 erat
384 1800 564 1868 persanatus:
595 1794 716 1867 primum
739 1793 828 1867 igitur
846 1792 924 1851 vocis
957 1793 1062 1862 „haec“
1094 1790 1223 1848 ultimam
1243 1789 1401 1848 litterulam

303 1893 417 1961 delevit,
443 1909 510 1950 nam
543 1889 672 1964 „frugem
704 1889 833 1949 feminini
852 1889 965 1961 generis
987 1903 1049 1947 esse
1069 1891 1169 1946 auctor
1188 1887 1296 1945 Aetnae
1316 1885 1401 1958 plane

300 1988 406 2048 oblitus
420 1993 497 2048 erat:
519 1989 619 2047 deinde
633 2004 649 2045 e
663 1991 797 2046 contextu
809 1986 982 2046 removenda
1002 1991 1066 2044 erat
1082 1985 1184 2043 vocula
1206 1987 1294 2054 „est“.
1336 1983 1401 2042 Jam

302 2085 441 2144 restabat:
476 2091 559 2156 „sunt
588 2084 675 2143 animi
695 2083 792 2156 fruges
818 2084 992 2142 haererem
1016 2083 1283 2155 optimameroes“.
1324 2080 1402 2138 Illud

304 2186 400 2240 autem
422 2199 534 2252 „rerem
555 2181 680 2254 optima“
701 2184 794 2238 metro
814 2195 872 2237 non
892 2179 1041 2238 conuenire
1060 2178 1249 2250 interpolator
1268 2181 1312 2236 sat
1330 2177 1403 2235 bene

304 2279 384 2352 vidit,
406 2279 436 2336 id
449 2280 526 2350 quod
540 2276 701 2351 posteritati
715 2276 928 2349 demonstravit,
948 2292 1012 2335 cum
1027 2275 1185 2346 „maxima“
1201 2275 1402 2333 substitueret:

301 2379 359 2436 iam
379 2392 436 2434 non
456 2376 587 2434 exstabat
606 2375 697 2447 elisio,
719 2375 812 2433 oratio
825 2373 976 2433 videbatur
989 2371 1084 2432 fluere.
1108 2403 1144 2414 —
1166 2371 1296 2431 Genuina
1314 2369 1403 2442 igitur

306 2477 407 2545 poetae
427 2488 527 2531 manns
547 2473 619 2530 hoec
637 2471 705 2529 luit:
1371 2481 1373 2488 ’

410 2567 587 2641 „implendus
608 2569 662 2626 sibi
681 2569 799 2639 quisque
818 2566 900 2625 bonis
920 2567 1105 2625 octantibus:
1126 2566 1193 2624 illac

406 2670 473 2726 sunt
486 2664 573 2723 animi
592 2665 702 2738 frugem
723 2665 795 2723 haec
813 2679 910 2722 rerum
930 2667 973 2722 est
992 2663 1100 2735 optima
1119 2677 1226 2720 merces

379 2764 452 2821 scire
494 2778 517 2820 e.
564 2778 590 2833 q.
632 2766 690 2828 s.“‚
731 2761 802 2819 haec
841 2761 916 2819 enim
957 2763 1084 2818 extrema
1126 2763 1193 2817 sunt
1233 2758 1404 2831 coniungen-

302 2859 347 2919 da.
407 2861 503 2930 Atque
542 2856 687 2930 Hauptius
726 2858 838 2930 quidem
880 2857 1054 2916 excusandus
1094 2860 1151 2926 est,
1192 2855 1267 2926 quod
1302 2855 1405 2928 Gyrel-

304 2956 364 3014 dini
386 2956 537 3014 lectionem
569 2954 670 3024 „illae“
703 2955 815 3015 omnino
848 2971 905 3013 non
934 2959 1068 3038 noverat²
1099 2969 1165 3011 nam
1194 2968 1286 3023 neque
1305 2952 1336 3010 in
1356 2969 1404 3012 ao-

305 3055 343 3112 tis
362 3051 534 3111 Jeneusibus
553 3066 644 3122 neque
664 3067 730 3110 vero
756 3051 954 3111 aldatthiaeo
974 3051 1004 3108 in
1024 3049 1184 3122 Gyraldiuo
1217 3050 1319 3120 „illae“
1353 3066 1404 3108 ex·

302 3149 414 3210 stitisse
444 3147 552 3220 apertis
581 3147 675 3206 verbis
706 3147 877 3206 affirmaturz'
909 3152 940 3206 et
964 3147 1148 3206 nihilominus
1177 3146 1238 3206 sine
1268 3146 1353 3206 dubio
1373 3145 1404 3203 in

305 3245 441 3305 editionis
460 3244 636 3302 Pithoeanae
656 3244 783 3318 margine
803 3245 965 3305 Florentini
985 3244 1090 3304 codicis
1109 3244 1195 3303 lectio
1225 3243 1325 3313 „illae“
1351 3243 1404 3301 ad-

304 3347 404 3402 notata
425 3341 493 3409 fuit;
514 3356 582 3398 nam
600 3341 670 3399 dicit
682 3341 871 3402 Matthiaeus:
896 3343 963 3412 „Ich
982 3342 1056 3401 lasse
1069 3342 1132 3400 hier
1146 3341 1192 3400 die
1211 3357 1303 3413 gance
1316 3339 1405 3398 Stella

304 3456 361 3498 von
379 3438 455 3500 Vere
481 3437 539 3497 256
572 3434 678 3510 (=258
699 3437 744 3498 ed.
765 3439 921 3513 Baehrens)
952 3455 990 3497 an
1009 3437 1113 3512 seigam
1144 3436 1197 3496 wie
1227 3437 1274 3495 ioh
1293 3435 1403 3510 glouba,

308 3536 373 3596 dass
399 3535 440 3594 sie
466 3535 582 3608 gelesen
601 3537 716 3596 werden
735 3551 825 3603 muse,
847 3578 882 3595 ..
915 3535 962 3593 ein
981 3551 1053 3608 paor
1081 3535 1189 3592 meiner
1209 3533 1405 3592 Koniekturen

305 3633 400 3692 werde
420 3633 467 3691 ich
486 3633 581 3706 gleieh
605 3633 636 3691 in
656 3632 712 3691 den
732 3632 806 3690 Text
832 3630 1028 3690 111111111111111.1
1069 3629 1112 3690 At
1132 3631 1201 3703 quid
1219 3630 1405 3688 Florentinus

308 3730 435 3804 baberet,
456 3730 589 3789 hocerat
609 3730 762 3802 diligenter
783 3728 956 3802 etreligiose
977 3728 1160 3787 enotandum!
1200 3728 1266 3788 Jam
1285 3742 1353 3786 vero
1373 3725 1404 3783 in

305 3831 387 3884 textu
400 3827 554 3885 Matthiaei
567 3827 672 3901 legitur
695 3825 808 3897 „illae“,
830 3825 876 3883 cui
896 3829 993 3884 tamen
1005 3825 1122 3884 lectioni
1134 3825 1207 3884 1111111
1225 3823 1405 3884 tribuendum

307 3923 417 3981 censuit
431 3923 581 3996 Hauptius,
603 3924 670 3995 quia
683 3923 878 3982 arbitrabatur
891 3921 1069 3982 referendam
1088 3939 1151 3982 eam
1165 3939 1226 3982 1111
1245 3922 1283 3979 ad
1299 3936 1405 3981 meram

306 4020 460 4078 Matthiaei
480 4024 578 4078 artem.
620 4021 662 4078 At
680 4018 832 4093 Gyraldini
861 4020 1011 4079 lectionem
1036 4035 1098 4078 eam
1117 4018 1204 4078 icisse
1225 4018 1308 4077 docet
1331 4033 1406 4076 nunc

307 4115 465 4187 Baehrens,
496 4116 545 4187 qui
574 4131 673 4175 versus
704 4117 860 4176 272-287
881 4116 942 4190 ipse
963 4133 998 4176 cx
1023 4115 1119 4175 codice
1139 4115 1332 4173 Laurentiano
1353 4114 1404 4172 de·

307 4214 432 4287 scripsit:
464 4213 505 4270 ibi
534 4229 566 4272 re
596 4229 664 4273 vera
683 4213 790 4288 legitur
823 4213 935 4282 „illae“.
976 4211 1067 4272 Vides
1091 4213 1177 4270 etiam
1206 4211 1237 4268 in
1257 4210 1406 4270 Munronis

308 4315 451 4386 apparatu
470 4309 590 4370 formam
612 4311 704 4381 „illis‘
728 4310 886 4384 Gyraldino
912 4307 1120 4383 tribui-falso,
1147 4312 1180 4366 ut
1199 4307 1303 4368 scimus
1322 4323 1406 4370 none.
