3108 5202
754 595 970 659 ..23-

316 806 477 866 Thebarum
520 805 630 864 moenia
667 812 922 865 commemorantur
957 810 1103 866 exabucta
1137 805 1212 864 suxis
1246 801 1416 876 magnificam

315 903 429 979 speciei.
461 902 539 976 Lege
559 903 646 976 igitur
665 919 787 962 mecum:

397 1000 581 1073 ,Magnificus
600 1001 735 1074 lapides
755 1018 779 1059 e.
802 1018 829 1073 q.
851 1005 903 1073 s.“,
925 1001 942 1058 i.
966 1017 990 1060 e.
1015 999 1180 1074 ,prtchtige
1199 998 1414 1072 Steinbauteu“,

314 1116 381 1158 nam
405 1103 439 1157 ut
461 1099 544 1172 pinus
565 1099 742 1158 sexcentiens
763 1098 867 1157 dicitur
887 1115 939 1171 pro
959 1113 1044 1171 nave,
1070 1113 1121 1155 cur
1140 1113 1196 1154 non
1215 1095 1289 1168 lapis
1308 1096 1353 1154 uel
1373 1095 1416 1154 la-

315 1196 398 1270 pidcs
417 1212 469 1269 pro
489 1212 579 1268 muro,
600 1200 633 1254 ut
652 1195 733 1255 Ouid.
753 1195 818 1254 fast.
839 1195 893 1268 111,
915 1197 985 1254 431:

494 1311 648 1381 „Romulus
668 1315 702 1368 ut
721 1325 790 1369 saxo
810 1311 904 1369 lucum
923 1307 1108 1368 circumdedit
1125 1305 1224 1366 alto“‘?

314 1427 393 1498 Quae
424 1442 492 1485 vcro
523 1431 700 1498 temptavere
728 1426 824 1484 critici
859 1424 978 1496 ,aedes“
1010 1425 1057 1482 vel
1078 1423 1198 1493 „urbes“
1219 1423 1266 1480 uel
1289 1421 1414 1494 ,aums‘ss

313 1523 422 1582 nullum
442 1539 539 1583 eorum
559 1524 603 1582 lta
622 1524 744 1596 quadrat
763 1527 796 1580 ut
817 1522 977 1595 ,lapides“,
1003 1522 1029 1580 si
1049 1521 1205 1580 sententiae
1224 1537 1251 1578 u.
1274 1519 1332 1577 574
1349 1533 1414 1589 sqq.

275 1661 278 1668 ι
314 1622 453 1680 rationem
475 1621 617 1694 habueris,
639 1625 671 1678 ut
690 1636 744 1695 par
764 1625 816 1681 cst.
847 1621 899 1679 Bis
917 1621 948 1678 in
967 1619 1094 1679 turmine
1111 1623 1210 1677 nostro
1226 1621 1346 1689 „atque“
1367 1631 1416 1673 re·

314 1719 412 1791 stituo,
433 1717 483 1776 ubi
506 1723 570 1786 „et“
585 1718 691 1777 habeut
703 1716 769 1776 libri
781 1722 813 1776 et
823 1717 964 1777 editores:
985 1715 1060 1774 alter
1072 1716 1150 1774 locus
1164 1719 1208 1773 est
1219 1731 1246 1772 u.
1262 1715 1309 1782 64,
1331 1728 1416 1785 quem

313 1816 355 1874 sic
373 1815 531 1889 perscribo:

840 1929 965 1999 ,ualidos
984 1933 1046 1988 tum
1065 1927 1203 2001 Juppiter
1222 1928 1303 2000 ignes

471 2028 605 2102 Increpat
625 2033 733 2102 atque
753 2027 842 2086 ictos
862 2027 1014 2101 proturbat
1033 2025 1148 2084 dulmine
1168 2028 1306 2096 montes“,

313 2161 363 2219 ubi
386 2161 493 2231 ,ictos“
515 2161 671 2235 proleptice
691 2178 793 2221 sumas.
823 2160 922 2220 Verba
942 2163 1037 2218 autem
1060 2164 1161 2231 ,atque
1174 2158 1265 2216 ictos“
1287 2155 1414 2214 inlibris

314 2259 443 2318 obierunt
463 2259 491 2316 in
514 2259 705 2331 corruptelam
729 2262 776 2328 ,et
794 2258 904 2326 victo“,
930 2273 986 2329 quo
1006 2257 1076 2316 nibil
1096 2255 1258 2330 proclivius.
1301 2254 1415 2313 Deinde

319 2361 439 2429 „atquc“
462 2372 568 2428 repono
589 2372 618 2416 u.
640 2357 705 2428 593,
727 2356 777 2413 ubi
798 2355 923 2414 ‘timidus
937 2354 1042 2414 Graiae
1061 2358 1159 2426 raptor
1173 2351 1293 2426 puellae'
1315 2358 1416 2410 contra

314 2470 421 2512 morem
439 2457 588 2525 poetarum
602 2454 641 2529 (v.
655 2452 795 2512 Jaccbum
805 2469 833 2526 p.
849 2451 920 2528 260)
933 2467 1089 2525 parumque
1103 2456 1170 2524 epte
1183 2451 1288 2509 dicitur
1303 2449 1415 2519 ,uictus

313 2551 441 2624 iacere“,
473 2555 622 2623 postquam
641 2548 770 2608 Achilles
794 2551 953 2608 nominatus
974 2553 1018 2608 est
1038 2554 1067 2607 et
1086 2548 1207 2608 Hector.
1248 2547 1319 2606 Fuit
1338 2547 1413 2604 enim

314 2663 371 2706 non
390 2648 474 2706 heros
494 2647 586 2721 Paris,
608 2648 658 2706 sed
679 2647 786 2706 comior
806 2652 836 2706 et
855 2647 969 2705 tenuior
988 2646 1152 2704 adulescens
1172 2661 1257 2717 quam
1270 2645 1370 2704 fortior
1383 2651 1416 2709 ct

314 2745 472 2804 robustior:
503 2748 617 2819 puellae
637 2750 667 2805 ct
687 2744 756 2804 fides
775 2745 865 2819 magis
886 2745 913 2804 ei
933 2745 1012 2804 cordi
1032 2749 1124 2812 erant,
1145 2760 1228 2816 quarn
1248 2744 1316 2802 belli
1334 2744 1416 2802 labo·

312 2843 418 2901 riosum
439 2847 468 2901 et
488 2859 591 2915 auceps
616 2859 693 2914 opus.
737 2843 855 2901 Omnino
876 2847 971 2900 autem
991 2841 1159 2901 vocabulum
1182 2842 1307 2911 ,uictus“
1330 2856 1415 2914 prop-

311 2945 391 2998 terea
422 2925 524 3012 parum
555 2939 690 3012 quadrat,
722 2940 797 3012 quod
816 2941 919 2999 scimus
938 2939 1072 2998 Paridem
1091 2956 1108 2998 a
1127 2938 1290 2998 Philocteta
1310 2937 1415 3010 sagitta

311 3037 446 3096 Herculis
467 3053 528 3096 esse
550 3035 732 3107 transfixum,
764 3037 865 3097 deinde
886 3037 923 3096 ad
942 3037 1078 3096 Oenonen
1098 3052 1129 3095 se
1148 3036 1315 3106 contulisse,
1342 3051 1414 3107 quae

311 3151 376 3194 cum
396 3135 534 3193 auxilium
555 3152 639 3194 suum
659 3141 797 3210 negasset,
819 3135 936 3194 Troiam
955 3151 1100 3194 reuersum
1121 3133 1281 3193 decessisse.
1316 3131 1414 3205 Scrip-

311 3235 381 3293 sisse
414 3237 509 3314 autem
543 3238 659 3306 poetam
690 3249 781 3305 neque
808 3232 914 3303 ,fixus“
940 3232 1095 3292 verisimile
1119 3236 1272 3303 estusque
1295 3229 1412 3300 ,fictns“

313 3345 402 3402 neque
425 3329 576 3401 ,timidus“
599 3346 691 3401 neque
710 3346 779 3389 vero
803 3329 941 3400 ,victus“‚
962 3329 1036 3402 quod
1055 3330 1147 3388 rarius
1167 3328 1279 3387 omnino
1292 3327 1414 3386 vocabu·

311 3428 371 3485 lum
401 3433 435 3486 ut
465 3428 623 3502 amplectar
647 3428 782 3487 hocloco
803 3428 927 3486 animum
945 3427 1080 3485 inducere
1100 3443 1156 3485 nou
1174 3442 1299 3499 possum.
1340 3426 1415 3484 Nam

311 3525 380 3584 licet
399 3541 530 3584 mensura
551 3524 700 3598 synaeresi
719 3524 861 3597 bisyllabo
875 3523 1045 3583 defendatur
1057 3523 1129 3582 Hor.
1144 3523 1226 3596 epod.
1243 3523 1289 3593 12,
1312 3523 1338 3594 t,
1360 3522 1415 3581 hoc

311 3627 407 3680 temen
429 3622 603 3697 displiceret,
631 3621 655 3680 si
674 3621 787 3680 Achille
807 3622 890 3680 modo
913 3620 1050 3695 ‘impigro’
1070 3621 1213 3694 appellato
1233 3619 1317 3679 Paris
1337 3620 1414 3679 dice·

311 3723 393 3776 retur
415 3719 523 3778 ‘vietus'
543 3719 648 3780 iacere.
690 3718 897 3792 Exspectamus
918 3718 995 3777 enim
1015 3718 1174 3792 epitheton,
1200 3718 1275 3790 quod
1294 3733 1414 3789 respon-

313 3816 380 3874 deat
398 3815 443 3873 illi
465 3816 627 3890 ,impiger“
650 3819 680 3874 et
700 3821 767 3890 apte
787 3817 899 3876 dicatur
919 3816 955 3874 de
974 3815 1087 3875 Paride.
1117 3816 1181 3889 Ego
1200 3832 1267 3874 uero
1280 3815 1333 3873 hoc
1346 3830 1414 3887 pro-

310 3927 397 3987 pono:
423 3913 487 3982 ,hic
507 3918 538 3972 et
550 3913 682 3974 Achilles
710 3913 714 3990 Ι
739 3915 861 3988 impiger
881 3919 984 3986 utque
1003 3918 1128 3973 unctus
1147 3912 1242 3986 magni
1254 3913 1330 3970 iacet
1342 3911 1415 3968 Hae

312 4012 385 4069 toris
398 4011 502 4069 ultor.“
538 4011 682 4080 „Unctus“
694 4011 769 4070 idem
780 4012 840 4071 iere
851 4011 979 4085 estquod
992 4015 1214 4084 ,unguentatus“
1227 4010 1274 4068 vel
1286 4009 1414 4080 ,delibu-

312 4113 386 4182 tus“,
398 4107 478 4166 velut
491 4108 599 4182 legitur
613 4113 718 4180 ,uncta
729 4107 904 4168 Corinthus“
920 4109 998 4182 apud
1010 4110 1278 4169 Pseudoiuvenalem
1289 4107 1329 4182 (ἃ
1345 4105 1414 4182 113)

310 4206 365 4265 boc
384 4221 479 4264 sensu:
503 4205 573 4276 „das
592 4205 706 4280 ippige,
728 4205 910 4279 geniceseude
930 4205 1079 4264 Corinth“.
1118 4206 1223 4266 Versus
1242 4209 1300 4264 cst:
1325 4203 1413 4274 ,For-

310 4303 386 4362 sitan
415 4302 571 4362 imbellis
596 4303 723 4362 Rhodios
753 4308 949 4376 unctamque
972 4302 1156 4380 Corinthon!
1185 4302 1325 4376 despicias
1355 4316 1413 4359 me-
