3108 5202
756 657 800 669 ..
845 621 974 685 60·-

441 823 559 883 Incendi
579 826 720 899 patiens.“
760 825 787 883 ia
810 841 834 885 e.
859 839 1070 897 „quaecumque
1086 823 1247 882 incendium
1264 819 1332 900 ὕλης
1351 838 1420 895 pro-

314 925 413 979 creant
432 920 481 996 (ab
501 923 555 981 hac
573 940 606 982 re
626 921 720 998 abeo),
741 927 840 991 restat,
861 925 895 979 ut
915 922 1098 994 disquiratur,
1125 936 1264 994 quaenam
1291 920 1349 979 sint
1368 919 1425 978 iila

314 1018 449 1078 alimenta
477 1020 570 1094 ignem
600 1021 756 1079 allicientia
780 1037 803 1080 a
831 1036 858 1091 q.
884 1024 926 1078 s“
982 1020 1098 1079 Transit
1127 1018 1217 1092 igitur
1246 1018 1304 1077 iam
1334 1023 1420 1090 poeta

314 1116 351 1173 ad
384 1117 449 1189 ipsa
481 1117 556 1192 ignis
589 1118 696 1190 pabula
730 1117 929 1190 describenda,
967 1116 1030 1176 abit
1064 1133 1083 1174 a
1117 1116 1221 1188 cauus,
1262 1131 1335 1188 quae
1368 1115 1420 1173 illa

313 1215 418 1288 pabula
447 1215 612 1287 incendant,
643 1214 782 1288 imprimis
811 1215 900 1288 igitur
928 1231 947 1273 a
971 1219 1100 1273 torrenta
1129 1214 1243 1287 spiritu,
1277 1213 1334 1285 ‘qui
1360 1212 1418 1270 iui-

313 1311 404 1370 minat
426 1311 515 1384 ignes’
541 1310 582 1387 (u.
609 1312 690 1387 345).
731 1312 803 1370 Nam
830 1329 883 1385 per
907 1329 937 1371 se
962 1327 1019 1370 nou
1042 1310 1146 1385 flagrat
1165 1310 1295 1385 proiecto
1316 1309 1417 1383 sulfur,

313 1425 365 1481 per
385 1425 415 1467 sc
434 1423 491 1466 non
510 1407 613 1482 flagrat
633 1409 716 1482 lapis·
728 1409 851 1482 molaris,
872 1410 924 1469 sed
943 1409 1047 1468 debent
1060 1409 1158 1480 aliqua
1171 1408 1282 1466 ratione
1296 1406 1417 1478 incendi,

312 1511 372 1565 tum
394 1508 505 1566 demum
525 1505 656 1580 flagrant.
700 1506 757 1567 Sed
778 1507 890 1567 conficit
910 1524 970 1567 rem
984 1507 1066 1566 testis
1081 1508 1195 1578 Seneca,
1217 1505 1267 1577 qui
1280 1505 1317 1565 N.
1334 1504 1366 1575 Q.
1382 1503 1416 1576 V,

315 1607 364 1678 14,
390 1606 410 1664 4
430 1606 501 1666 haec
520 1606 619 1665 habet:
663 1607 758 1679 „lllud
777 1622 845 1666 vero
866 1607 1046 1666 manifestum
1067 1610 1112 1666 e'st
1130 1621 1261 1678 magnam
1283 1619 1345 1661 esse
1366 1603 1417 1662 sub

312 1705 397 1762 terris
422 1704 480 1762 vim
505 1705 649 1777 sulphuris
675 1710 705 1762 et
729 1705 850 1764 aliorum
870 1721 926 1762 non
946 1705 1038 1764 minus
1059 1705 1153 1778 ignem
1173 1702 1318 1762 alentium.
1359 1700 1419 1760 Per

311 1799 382 1858 haec
402 1800 465 1859 loca
478 1818 541 1860 cum
555 1819 585 1861 se
601 1803 709 1860 exitum
722 1819 862 1874 quaerens
876 1802 997 1875 spiritus
1011 1802 1103 1868 torsit,
1125 1799 1262 1859 accendat
1275 1795 1418 1857 flammam

311 1897 372 1969 ipso
393 1897 516 1957 adfrictu
534 1915 648 1958 necesse
662 1902 735 1958 est.“
751 1931 788 1942 -
803 1898 856 1957 Vv.
874 1900 932 1958 394
946 1904 976 1958 et
992 1900 1048 1959 395
1062 1901 1148 1971 poet-a
1159 1897 1245 1956 affert
1258 1895 1419 1970 argumenti

310 1992 374 2052 loco
404 1993 496 2056 fontes
526 1997 649 2056 infectae
678 2013 781 2070 aquae,
818 1998 916 2068 quales
951 1997 1002 2056 sub
1033 1997 1144 2054 Aetnae
1177 1994 1275 2053 radice
1305 1996 1419 2053 exstent

311 2106 485 2164 quorumque
506 2099 536 2152 et
555 2095 626 2152 odor
646 2099 677 2152 et
696 2111 782 2168 sapor
801 2095 923 2168 sulphur
942 2094 1015 2153 illud
1039 2097 1161 2153 testetur
1187 2097 1216 2150 et
1241 2094 1350 2149 ceteras
1370 2105 1419 2148 res

310 2187 485 2248 flammamm
504 2191 639 2264 nutrices,
662 2209 730 2264 quas
750 2209 839 2266 supra
859 2191 1015 2250 nominavi:

391 2288 505 2360 „Atque
523 2289 598 2347 hanc
619 2291 770 2349 materiam
790 2290 903 2363 penitus
924 2289 1084 2349 discurrere
1106 2285 1157 2363 (sc.
1178 2286 1326 2362 Aetnam),

1211 2383 1303 2443 fontes

389 2481 515 2542 iniectae
540 2489 683 2544 testantur
713 2502 804 2559 aquae
834 2485 932 2544 radice
947 2503 950 2510 ¹
963 2483 1015 2542 sub
1040 2483 1133 2555 ipsa.“
1173 2482 1219 2539 Ad
1248 2481 1323 2540 hanc
1352 2497 1418 2540 sen·

311 2581 431 2639 tentiam
451 2581 486 2642 ci.
507 2584 543 2642 N.
565 2583 597 2654 Q.
620 2584 676 2652 ΙΙΙ,
699 2585 745 2656 24,
768 2587 795 2657 4,
816 2584 870 2656 ΙΙΙ,
894 2583 941 2656 20,
963 2583 990 2649 2,
1011 2582 1063 2653 ΙΙΙ,
1086 2582 1113 2652 2,
1136 2583 1162 2649 1,
1184 2581 1236 2646 ΠΙ,
1258 2581 1304 2651 21,
1328 2581 1355 2638 2.
1378 2611 1416 2621 -

310 2678 376 2750 ipsa
400 2684 495 2737 autem
520 2680 634 2753 eruptio
664 2681 739 2754 ignis
764 2687 814 2738 aut
838 2679 981 2738 succussio
1006 2684 1102 2737 terrae
1127 2678 1201 2736 solet
1220 2675 1417 2751 praenuntiari

309 2777 399 2834 multo
419 2777 514 2834 sonitu
534 2794 569 2836 ac
587 2776 711 2850 fragore,

455 2878 505 2945 „et
524 2889 632 2946 grave
653 2874 704 2933 sub
725 2880 804 2932 terra
823 2890 974 2932 murmur
994 2872 1144 2932 denuntiat
1163 2872 1276 2945 ignas,“

310 2975 342 3027 ut
361 2971 404 3028 ait
423 2976 508 3042 poeta
532 2989 558 3030 v.
579 2972 650 3031 464:
682 2972 752 3030 item
772 2970 881 3030 Seneca
900 2971 937 3032 N.
958 2970 993 3045 Q.
1019 2971 1061 3038 II,
1088 2972 1140 3041 27,
1164 2974 1193 3028 1:
1222 2980 1356 3042 ,grave
1377 3013 1384 3029 .
1407 3011 1415 3026 .

309 3084 470 3140 murmur,
503 3070 586 3140 quale
610 3073 752 3128 terrarum
777 3074 885 3127 motum
910 3068 1087 3138 antecedit;“
1118 3067 1154 3127 N.
1176 3067 1208 3138 Q.
1230 3067 1283 3135 VI,
1309 3067 1358 3134 13,
1381 3067 1413 3124 5:

310 3165 449 3238 ,ideoque
469 3171 620 3238 antequam
640 3172 720 3226 terra
739 3171 900 3239 moveatur,
922 3166 994 3225 solet
1013 3165 1138 3238 mugitus
1158 3163 1252 3223 audiri
1272 3164 1365 3222 ventis
1387 3164 1416 3221 in

309 3262 407 3322 abdito
427 3263 695 3324 tumultuantibus“

387 3361 422 3418 In
447 3377 504 3419 una
528 3376 597 3419 sane
620 3379 652 3420 re
677 3361 813 3421 differunt
843 3362 920 3420 inter
945 3378 975 3420 se
995 3361 1102 3419 Seneca
1124 3364 1153 3417 et
1173 3360 1283 3418 Aetnae
1304 3364 1412 3431 auctor,

309 3475 392 3531 quam
412 3458 540 3517 hicnon
566 3459 814 3519 dissimulaverim:
845 3460 895 3517 ille
926 3459 1001 3518 onim
1021 3435 1163 3531 ‘spiritum
1189 3456 1364 3516 extrinsecus
1384 3456 1414 3513 in

308 3563 404 3618 terrae
423 3557 563 3617 foramina
583 3558 694 3618 intrare
714 3557 856 3616 obstinato
877 3561 969 3630 negat.
991 3555 1027 3616 ci.
1047 3555 1084 3616 N.
1106 3556 1138 3627 Q.
1154 3553 1206 3623 VI,
1229 3555 1275 3627 24,
1301 3557 1311 3612 Ι
1338 3569 1411 3626 sqq.:

308 3654 468 3729 „Spiritum
488 3672 550 3714 esse
569 3656 653 3715 huius
673 3655 743 3713 mali
763 3671 876 3714 causam
896 3657 926 3712 et
950 3654 1012 3726 ipse
1036 3653 1194 3712 consentio:
1222 3651 1258 3710 de
1282 3651 1332 3710 illo
1358 3651 1414 3709 dis·

308 3754 426 3826 putabo,
453 3753 592 3825 quomodo
618 3753 708 3812 intret
727 3753 774 3810 hic
794 3751 911 3825 spiritus
933 3795 941 3812 .
963 3793 969 3808 .
991 3793 999 3809 .
1020 3755 1116 3808 utrum
1136 3748 1172 3807 ab
1192 3749 1249 3807 imo
1270 3765 1307 3806 an
1328 3749 1413 3808 etiam

308 3867 362 3924 per
390 3868 497 3910 summa
527 3855 678 3910 terrarum.
719 3849 782 3908 Hoc
811 3848 978 3909 incredibile
1008 3853 1053 3906 est
1074 3893 1081 3907 .
1104 3890 1110 3904 .
1134 3891 1141 3906 .
1162 3862 1230 3919 ergo
1261 3845 1413 3904 verisimile

309 3953 354 4006 est
373 3953 482 4008 terram
506 3965 542 4006 ex
562 3949 621 4007 alto
642 3947 749 4006 moueri
770 3951 800 4005 et
818 3945 879 4004 illic
898 3945 1031 4019 spiritum
1054 3944 1084 4003 in
1104 3943 1234 4002 cavernis
1254 3942 1413 4016 ingentibus

308 4045 446 4119 concipi.“
492 4046 592 4116 Itaque
622 4044 739 4118 spiritus
770 4059 806 4101 ex
836 4044 961 4103 Senecae
991 4041 1121 4101 doctrina
1150 4041 1181 4099 in
1204 4041 1294 4114 ipsius
1317 4044 1414 4100 terrac

308 4143 462 4202 uisceribus
486 4143 624 4215 nascitur,
657 4147 756 4201 contra
776 4140 890 4200 Aetnae
914 4145 1015 4199 auctor
1042 4139 1133 4198 credit
1153 4154 1235 4212 posse
1255 4138 1343 4196 etiam
1363 4153 1413 4198 ex-

308 4241 446 4300 trinsecus
475 4241 602 4312 irrepere
631 4240 696 4299 illas
725 4255 810 4298 auras
834 4255 887 4312 per
910 4238 1006 4298 latera
1025 4238 1136 4296 Aetnae
1162 4237 1266 4294 montis
1286 4235 1333 4294 hic
1352 4235 1413 4294 illic

307 4337 417 4397 hiantia
437 4338 584 4410 vanusque
605 4337 739 4410 obnoxia,
766 4334 799 4396 oi
822 4353 867 4396 vv.
889 4335 1068 4408 284-289,
1095 4335 1163 4392 licet
1184 4334 1220 4392 de
1239 4334 1363 4392 maruno
1384 4338 1414 4392 et
