3108 5202
636 536 849 600 ..23-

187 728 246 786 lam
266 731 449 787 contraxerat
468 729 498 786 in
518 729 626 802 primae
644 729 743 788 elassis
762 728 837 787 libro
852 728 1019 802 Gyraldina
1040 727 1186 787 exciderat
1205 728 1291 802 plane

194 825 224 884 in
248 827 389 886 secundae
419 826 517 885 classis
546 826 702 900 archetypo
731 842 845 884 manum
874 843 958 898 passo
989 825 1212 898 interpolatoris,
1244 826 1292 898 qui

192 938 290 982 versus
321 919 487 982 conficiendi
518 937 603 982 causa
633 928 740 981 temere
771 922 896 996 „terris“
927 922 1020 981 textui
1048 923 1210 980 inculcavit.
1256 923 1291 981 In

192 1036 220 1082 v.
242 1021 300 1080 235
313 1021 462 1094 neglegens
482 1020 574 1080 scriba
589 1020 736 1094 archetypi
757 1021 897 1080 secundae
911 1021 1010 1079 classis
1030 1020 1200 1093 particulam
1221 1025 1289 1092 „et“

191 1117 327 1176 omiserat
346 1122 464 1191 propter
484 1118 653 1177 sententiam
671 1133 786 1190 prorsus
807 1118 1010 1177 necessariam:
1037 1121 1068 1176 at
1086 1117 1134 1175 hic
1154 1116 1293 1176 abstinuit

191 1215 226 1274 ab
248 1214 323 1272 omni
342 1219 508 1273 correctura
537 1214 738 1286 interpolator,
771 1215 838 1286 quia
867 1219 989 1273 metrum
1009 1231 1065 1272 non
1084 1213 1193 1283 hiabat,
1225 1213 1292 1286 quia

195 1312 331 1371 excidisse
352 1310 460 1381 aliquid
478 1315 574 1369 noster
593 1311 623 1368 in
642 1312 813 1384 perlegendo
826 1328 883 1370 non
903 1312 1046 1372 sentiebat
1066 1312 1187 1371 omnino.

271 1408 311 1466 At
331 1424 398 1468 vero
419 1407 526 1467 absona
545 1409 602 1467 ista
620 1409 833 1482 interpolatoris
853 1411 1050 1482 supplementa
1069 1426 1153 1482 qnam
1172 1409 1294 1467 malain

190 1519 224 1562 ea
242 1504 355 1564 Aetnae
380 1511 478 1578 parte,
511 1505 559 1563 ubi
579 1505 728 1578 Gyraldini
748 1523 802 1578 ope
821 1523 878 1564 non
897 1506 1040 1577 iuvamur,
1068 1506 1231 1565 criticorum
1250 1505 1292 1564 in·

188 1601 271 1674 genia
300 1603 467 1661 vexaverint
490 1602 537 1661 hic
560 1601 633 1669 illic,
664 1618 719 1674 quo
739 1603 852 1661 facilius
871 1603 1067 1676 intellegatur,
1098 1603 1155 1660 iam
1175 1601 1291 1660 afferam

190 1697 355 1770 exemplum,
377 1698 426 1754 ubi
448 1698 557 1770 primus
577 1697 647 1755 mihi
659 1699 758 1756 videor
770 1715 867 1757 veram
881 1698 1097 1772 deprehendisse
1111 1699 1292 1772 corruptelae

192 1797 333 1852 naturam:
361 1798 427 1852 sunt
447 1795 521 1852 enim
541 1809 577 1853 ne
597 1795 652 1853 duo
674 1795 787 1866 quidem
806 1795 850 1853 illi
869 1796 1003 1854 versiculi
1024 1798 1081 1855 567
1103 1800 1132 1855 et
1153 1797 1220 1866 568,
1241 1797 1291 1867 qni

188 1905 325 1949 summam
344 1892 432 1950 totius
452 1891 605 1963 doctrinae,
627 1893 719 1964 qualis
739 1893 769 1950 in
783 1894 878 1951 Aetna
897 1893 1022 1951 carmine
1042 1892 1201 1966 exponitur,
1223 1894 1287 1951 bre·

189 1987 265 2046 viter
291 1988 529 2061 complectuntur,
561 1989 654 2048 adhuc
673 1989 743 2048 satis
763 1991 912 2048 emendati.
956 1989 1199 2064 Cantabrigiensis
1219 1991 1290 2049 haec

190 2083 318 2144 exhibet:

336 2180 446 2252 „Terra
466 2181 651 2241 foraminibus
671 2181 746 2241 vires
766 2183 864 2253 trahit,
885 2187 989 2256 urguet
1008 2183 1039 2241 in
1059 2188 1152 2242 artum

336 2278 457 2350 Spiritus
476 2279 591 2338 incendi
610 2279 682 2337 vivit
702 2296 754 2352 per
773 2280 896 2338 maxima
915 2285 1011 2338 saxa.“

269 2409 337 2468 Itali
375 2413 549 2484 seripserunt
588 2411 730 2482 ,incendit
769 2411 882 2483 vivus“,
925 2427 981 2483 qua
1018 2411 1182 2471 coniectura
1220 2412 1292 2471 nihil

189 2506 362 2579 proficimus.
413 2507 470 2567 Sed
497 2524 548 2566 eur
567 2523 602 2567 ne
621 2508 811 2566 recentiorum
832 2507 945 2580 quidem
965 2508 1143 2576 criticorum,
1174 2525 1292 2580 qnorum

189 2602 273 2661 huius
303 2604 482 2676 corruptelae
513 2603 721 2663 emendationes
750 2619 848 2677 aegre,
884 2603 1010 2676 nequid
1039 2603 1156 2676 gravius
1186 2605 1286 2679 dicam,

189 2699 391 2774 intelleguntur
426 2718 532 2770 omnes,
568 2701 657 2760 ullum
692 2705 879 2761 commentum
907 2705 978 2774 stet,
1015 2703 1113 2760 statim
1143 2703 1292 2774 apparebit

190 2811 225 2854 ex
256 2797 309 2868 eis,
340 2813 413 2868 quae
443 2798 546 2857 docere
575 2799 605 2856 in
634 2798 728 2857 animo
760 2803 803 2856 est
834 2798 868 2856 de
898 2798 1037 2856 enuntiati
1056 2799 1210 2858 sententia.
1248 2799 1292 2857 Ac

189 2891 311 2965 primum
358 2893 472 2964 quidem
515 2894 605 2966 liquet
649 2895 742 2954 tribus
788 2898 920 2952 constare
961 2894 1120 2953 orationem
1163 2895 1291 2969 partibus

189 2987 339 3052 ἀσυνδέτως
369 2990 542 3062 compositis:
573 2990 667 3062 prima
696 3007 764 3063 pars
794 2995 839 3050 est
871 2996 968 3060 ,terra
998 2990 1182 3052 foraminibus
1212 2993 1288 3051 vires

189 3085 306 3158 trahit“‚
328 3086 420 3145 altera
436 3093 555 3160 ,urguet
566 3087 596 3144 in
610 3092 704 3146 artum
718 3087 862 3160 spiritum,
883 3088 970 3146 tertia
982 3104 1050 3161 pars
1072 3089 1202 3158 ,incendi
1215 3089 1289 3148 vivit

188 3182 382 3255 permaxima
402 3189 488 3242 saxa“
510 3188 645 3257 corrupta
665 3189 717 3244 est.
746 3183 909 3259 Quaeritur,
931 3201 1004 3258 quae
1025 3201 1086 3244 esse
1107 3185 1209 3244 debeat
1223 3201 1289 3246 sen·
1341 3239 1346 3250 .

189 3279 283 3337 tentia
312 3279 396 3339 huius
426 3282 547 3339 extremi
576 3281 724 3340 enuntiati.
765 3281 826 3340 Iam
851 3281 881 3340 in
901 3284 1013 3342 Aetnae
1033 3281 1137 3341 montis
1157 3283 1186 3340 vi
1205 3289 1290 3356 atque

188 3375 291 3434 effectu
321 3381 423 3450 politae
452 3378 527 3437 iusto
554 3379 616 3438 iure
641 3379 762 3438 maxime
782 3379 909 3439 notanda
927 3381 1040 3441 videtur
1060 3381 1159 3453 ingens
1179 3379 1231 3437 illa
1250 3380 1288 3436 li·

189 3472 336 3544 quentium
354 3472 480 3547 lapidum
501 3477 649 3546 eructatio,
671 3477 707 3535 de
727 3493 783 3549 qua
803 3493 867 3535 cum
887 3479 999 3551 saepius
1019 3483 1080 3535 tum
1100 3479 1129 3534 in
1148 3478 1192 3550 iis,
1215 3492 1289 3548 qnae

187 3568 372 3648 antecedunt,
403 3572 545 3632 uberrime
570 3573 730 3646 exponitur.
772 3574 844 3633 Inde
864 3592 882 3632 a
901 3591 928 3632 v.
950 3575 1008 3632 537
1030 3574 1173 3646 explicare
1194 3574 1291 3632 studet

187 3669 284 3738 poeto,
316 3668 365 3740 qui
389 3668 452 3742 fiat,
484 3674 516 3727 ut
541 3670 684 3742 praedura
708 3671 836 3744 lapidum
859 3671 975 3729 illorum
995 3671 1129 3729 materies
1149 3667 1288 3730 Aetnaeis

187 3761 300 3835 ignibus
331 3765 438 3824 domita
460 3765 608 3837 liquescat.
651 3767 744 3824 Huius
770 3767 860 3839 igitur
884 3783 968 3826 verae
989 3767 1147 3827 sententiae
1166 3767 1287 3842 vestigia

188 3876 239 3920 suo
258 3861 322 3920 iure
341 3879 472 3936 premens
492 3863 636 3936 Hauptins
656 3863 697 3922 sic
717 3865 887 3923 emendavit:

421 4027 486 4065 ,-,
507 3995 620 4054 incendi
639 3995 792 4054 vincuntur
810 3996 936 4055 maxima
956 4003 1051 4058 saxa.“

265 4127 300 4184 In
319 4127 374 4187 hae
394 4126 590 4187 emendatione
610 4128 693 4186 valde
712 4127 845 4201 displicet
856 4129 1024 4188 vocabulum
1047 4130 1205 4200 ,incendi“‚
1227 4128 1288 4188 sive

184 4219 356 4282 infinitivum
369 4240 430 4284 esse
440 4224 531 4282 voluit
543 4223 689 4297 Hauptius
702 4224 763 4283 sive
776 4223 939 4297 genetivum
953 4225 1002 4301 (cf.
1017 4242 1111 4298 opusc.
1134 4226 1163 4285 11
1177 4242 1206 4298 p.
1221 4223 1287 4299 43):
