3108 5202
588 613 802 673 -]1..

128 819 205 892 plut.
227 817 310 888 33,9
331 820 430 879 collati
450 822 612 892 nuperrime
626 838 645 878 1
658 821 831 881 Baehrente.
873 822 1040 892 Quaerere
1061 822 1124 882 fata
1142 823 1250 883 fuerint
1287 823 1289 828 ’

128 915 267 976 foliorum
288 917 403 975 illorum
425 933 524 975 versus
546 919 703 977 138-271
726 919 940 990 continentium,
965 919 1064 978 statim
1085 921 1249 993 perspicies.

214 1013 364 1072 Seruatum
385 1017 448 1072 erat
468 1029 558 1084 usquc
578 1013 615 1072 ad
635 1012 721 1072 finem
739 1015 848 1073 saeculi
860 1015 962 1073 XVIII
976 1016 1023 1074 vel
1036 1017 1123 1089 paulo
1136 1017 1251 1090 longius

130 1127 254 1167 —nam
274 1110 362 1168 hodie
384 1109 567 1182 deperditum
588 1126 648 1169 esse
669 1111 784 1170 ridetur
799 1145 835 1152 -
851 1113 998 1184 exemplar
1011 1113 1154 1184 quoddam
1173 1112 1251 1173 illius

129 1205 202 1264 libri
226 1207 307 1265 Petri
332 1205 462 1278 Pitheci,
495 1207 544 1278 qui
570 1206 749 1266 inscribitur:
782 1208 1017 1280 „Epigrammata
1048 1214 1078 1266 ct
1108 1210 1252 1281 poematia

131 1307 241 1374 vetera,
261 1303 490 1375 Paris.‚1590“.
526 1305 590 1362 Hoc
611 1305 759 1376 exemplar
778 1304 914 1388 editicnIs
934 1305 1110 1365 Pithceauae
1131 1307 1167 1364 ob
1188 1324 1252 1366 eam

131 1415 248 1458 caueam
271 1401 383 1474 insigne
413 1400 479 1472 fuit,
512 1402 581 1473 quia
612 1417 676 1460 cum
703 1403 741 1460 ad
766 1402 824 1460 alia
844 1403 981 1474 opuscula
1001 1407 1062 1460 tum
1082 1404 1120 1461 ad
1140 1404 1252 1464 Aetnae

131 1512 234 1556 versus
257 1498 414 1557 138-287
441 1498 471 1555 iu
502 1498 630 1570 margine
660 1499 769 1555 multae
795 1499 934 1557 lectiones
959 1500 1105 1558 variantes
1130 1501 1252 1560 eximiae

131 1595 250 1652 virtutis
281 1593 436 1652 adnotatae
468 1597 550 1652 erant
581 1594 635 1666 ita,
668 1598 701 1651 ut
731 1596 846 1666 prolata
871 1595 953 1653 varia
976 1596 1100 1654 11111111
1120 1596 1252 1655 Aetnaea

132 1691 234 1749 addIta
253 1689 359 1762 ubique
380 1691 526 1764 legeretur
546 1689 647 1748 littera
661 1691 736 1763 ,‚V“‚
759 1692 840 1750 cuius
854 1691 972 1750 litterae
985 1693 1028 1750 vis
1043 1693 1143 1751 eadem
1156 1710 1250 1765 mauu,

133 1803 208 1860 quae
222 1788 360 1846 lectiones
374 1788 520 1846 variantes
534 1788 737 1860 adscripscrat,
759 1787 791 1845 11
811 1803 914 1847 aversa
934 1794 1019 1861 parte
1039 1789 1100 1848 eius
1121 1790 1251 1863 paginae,

134 1901 208 1957 quae
229 1884 346 1942 titulum
366 1885 500 1953 habebat,
522 1884 563 1943 sic
583 1884 796 1956 explicabatur:
818 1885 871 1957 „Iu
885 1885 979 1944 Aetna
993 1887 1019 1945 V
1033 1885 1175 1958 significat
1189 1887 1251 1946 cod.

134 1982 345 2054 Florentinum,
378 1997 462 2053 quem
487 1981 553 2039 inde
579 1980 679 2039 habuit
703 1981 851 2054 Erustius¹
883 1998 984 2055 nempe
1016 1985 1107 2041 solum
1139 1987 1252 2056 partem

134 2078 245 2138 illam.“
277 2079 339 2137 Iam
360 2085 456 2137 exstat
476 2079 537 2136 eius
558 2077 649 2150 ipsius
662 2079 781 2136 Hemici
794 2079 905 2137 Ernstii
918 2079 1145 2155 (1603-1665)
1166 2095 1253 2138 manu

136 2174 234 2234 brouls
265 2177 413 2249 catalogus
447 2177 639 2236 bibliothecae
674 2177 823 2235 Mediceae
854 2175 1038 2235 Florentiuee
1069 2193 1142 2235 1111
1176 2178 1250 2236 1641

136 2272 322 2345 conscriptus,
350 2273 381 2330 11
400 2290 456 2345 quo
477 2279 572 2332 tamen
593 2274 727 2346 catalogo
747 2273 843 2330 nullus
865 2273 934 2330 talis
954 2273 1046 2331 codex
1066 2274 1253 2333 Florentiuns

135 2369 251 2428 Aetnae
275 2385 374 2428 uersus
399 2367 573 2429 las-nex
598 2371 746 2428 continens
772 2373 969 2439 enumeratur,
1001 2384 1093 2439 neque
1123 2385 1191 2428 vero
1221 2370 1253 2430 in

136 2465 322 2525 Baudinianis
354 2467 551 2527 voluminibus.
592 2467 671 2525 Hinc
693 2472 773 2524 recte
793 2464 986 2524 concludImus
1006 2465 1155 2525 Ernstium
1176 2467 1253 2525 codi-

137 2579 199 2625 cem
219 2563 301 2621 illum
322 2565 458 2636 privatim
479 2563 649 2636 possedisse,
670 2580 757 2636 quam
771 2561 992 2635 explicationem
1011 2563 1100 2621 etiam
1121 2563 1252 2636 suadere,

137 2677 173 2719 ue
204 2661 296 2720 dicam
326 2661 426 2720 iubere
456 2662 572 2720 videtur
601 2661 673 2719 illud
701 2659 827 2719 ‘habuit’.
868 2659 939 2716 Fuit
962 2659 1095 2723 ulmirum
1119 2660 1253 2720 Ernstius

138 2774 284 2830 possessor
303 2759 458 2817 eorundem
478 2758 622 2826 foliorum,
643 2774 717 2829 quae
739 2759 797 2816 150
818 2757 880 2816 fere
901 2756 985 2814 annis
1005 2761 1073 2815 ante
1094 2774 1129 2816 ex
1149 2757 1252 2816 biblio·

139 2855 240 2913 thecae
261 2855 389 2914 editione
410 2856 461 2913 illa
481 2853 634 2914 Claudiani
655 2855 849 2914 exciderent.
890 2855 948 2914 Sed
971 2855 1080 2914 iamin
1101 2871 1183 2912 usum
1202 2869 1254 2912 vo·

140 2952 259 3010 candum
286 2955 344 3023 est,
376 2953 452 3022 quod
471 2951 654 3010 Burmannus
674 2952 770 3010 Maior
795 2952 916 3011 adnotat
936 2952 973 3010 ad
994 2949 1089 3010 Ovidii
1109 2952 1140 3008 in
1160 2955 1255 3009 metae

139 3049 330 3122 morphoseon
348 3047 424 3107 libro
444 3049 537 3122 primo
559 3065 658 3108 versus
678 3049 745 3108 illos
765 3051 838 3108 satis
857 3051 989 3123 vulgatos
1010 3049 1088 3126 (85):

299 3145 357 3218 „Os
377 3145 486 3204 homini
505 3145 626 3204 sublime
647 3146 726 3204 dedit
746 3148 911 3219 caelumque
930 3147 1008 3205 tueri

299 3243 387 3302 Iussit
408 3249 438 3301 11
458 3248 568 3301 erectos
589 3242 627 3300 ad
648 3242 744 3300 sidera
763 3244 866 3301 tollere
885 3244 1015 3301 voltus:“

142 3340 313 3413 „Expressit
333 3341 409 3412 hanc
428 3339 614 3406 sententiam,
645 3344 678 3396 ut
709 3340 806 3410 plures
832 3339 1057 3412 111111111111
1082 3339 1253 3411 philosophi,

142 3441 264 3499 Severus
283 3439 315 3496 11
334 3439 429 3496 Aetna
449 3439 507 3510 223
528 3438 636 3513 (=224
657 3437 700 3496 ed.
723 3437 897 3512 Baehrene):

301 3536 366 3594 Non
387 3536 478 3594 oeulis
498 3536 590 3594 solum
610 3535 750 3608 pecudum
769 3534 900 3592 miranda
919 3534 1018 3591 videre

299 3633 392 3696 More.
414 3649 467 3692 nec
487 3631 583 3692 1111111
602 3633 633 3690 11
653 3634 771 3690 humum
790 3648 879 3704 grave
900 3646 1018 3704 pascere
1038 3646 1153 3703 corpus,

302 3731 390 3789 Posse
410 3729 495 3789 fidem
515 3729 609 3802 rebus,
632 3729 788 3802 dubiasque
810 3743 965 3801 exposcere
985 3743 1087 3786 causae

303 3826 394 3885 Sacra
413 3831 621 3900 perurgentem
645 3831 732 3899 caput
751 3830 837 3897 atque
858 3826 994 3884 attollere
1014 3824 1102 3883 caelo.

143 3924 190 3983 Ita
208 3926 294 3998 vulgo
314 3925 420 3998 legitur
441 3968 447 3982 .
471 3967 478 3982 .
501 3946 522 3997 .;
555 3924 605 3982 sed
630 3923 780 3997 legendum
802 3938 839 3980 ex
858 3923 976 3993 antiquo
998 3921 1095 3980 codice
1115 3921 1255 3988 Medicam

144 4038 228 4095 quem
241 4022 380 4082 Heinsius
400 4021 531 4091 11111111,
554 4019 656 4092 tueri,
678 4019 728 4092 qui
749 4023 779 4077 et
791 4019 923 4078 ultimum
943 4034 1057 4078 versum
1076 4018 1120 4076 ita
1139 4018 1257 4077 exhibe·

144 4121 207 4180 bat:
230 4120 384 4194 ‘ingenium
405 4133 520 4179 sacrare
541 4122 682 4191 caputque
702 4117 837 4175 attollere
857 4114 944 4175 ceelo'
960 4160 966 4173 .
983 4159 990 4174 .
1007 4159 1038 4177 ..
1060 4118 1151 4174 ‘nosse
1171 4115 1257 4174 fidem

145 4234 253 4290 rerum,
286 4216 386 4275 dubias
415 4215 567 4287 exquirere
598 4213 706 4273 causas'
732 4213 808 4272 idem
833 4212 925 4272 codex
950 4213 1132 4272 exhibebat.“
1174 4211 1257 4270 Haec

145 4315 233 4374 habet
251 4314 443 4374 Burmannus.
483 4313 646 4372 Adnotasse
670 4316 768 4370 autem
791 4309 942 4369 Heiusinm
966 4316 1097 4370 veterum
1127 4309 1257 4369 codicum
