3108 5202
780 605 976 666 „6-

325 827 476 885 perperam
490 811 599 870 omittit
618 812 648 869 in
668 829 693 870 v.
716 813 774 870 293
790 810 986 886 („pu1sata·):
1011 811 1109 871 eadem
1120 811 1313 870 vocularecte
1324 809 1446 868 additur

325 907 403 968 inv.
427 910 461 966 11
484 907 747 984 (,venturisque“):
769 911 869 966 contra
888 907 964 967 liber
985 905 1007 964 0
1028 907 1101 966 haec
1125 907 1254 965 exhibet:
1285 908 1442 981 ,‘irriguo',

328 1005 523 1077 ‘pulsataque‘‚
547 1004 720 1064 ‘venturis’“.
762 1003 867 1063 Cetera
886 1004 917 1062 id
936 1021 1027 1077 genus
1049 1005 1104 1063 etsi
1119 1005 1220 1077 collegi
1234 1005 1352 1062 omitto:
1374 1010 1446 1062 sunt

327 1101 401 1160 euim
421 1102 558 1159 minutiae
583 1133 622 1144 --
647 1100 708 1159 fere
727 1101 832 1174 viginti
864 1133 914 1173 -,
947 1117 1020 1172 quae
1038 1100 1111 1159 item
1132 1101 1272 1159 debentur
1293 1101 1363 1159 solis
1382 1101 1445 1160 illis

327 1197 436 1256 duobus
460 1198 600 1270 librariis,
631 1196 858 1256 membranaeG
884 1198 947 1256 dieo
979 1202 1009 1256 et
1039 1197 1219 1256 membranae
1247 1197 1280 1267 S,
1313 1214 1385 1269 quas
1406 1215 1446 1256 ex

326 1295 426 1354 eodem
446 1295 602 1367 exemplari
622 1294 709 1353 hodie
735 1295 881 1367 deperdito
909 1295 1067 1366 descriptas
1088 1310 1150 1353 esse
1170 1295 1234 1353 luce
1256 1300 1300 1353 est
1325 1295 1444 1354 clarius.

326 1391 379 1450 Est
399 1390 489 1464 igitur
508 1391 658 1450 innostro
680 1392 804 1450 carmine
836 1424 874 1433 -
906 1407 971 1449 nam
998 1391 1034 1450 de
1059 1393 1164 1450 ceteris
1184 1391 1357 1450 carminibus
1383 1408 1445 1449 non

326 1505 419 1548 meum
444 1493 488 1546 est
513 1487 638 1546 iudicare
663 1488 719 1546 hoc
748 1489 812 1546 loeo
845 1518 881 1529 -—
913 1487 1102 1560 fragmentum
1128 1489 1297 1547 stabulense
1322 1489 1446 1561 proprio

326 1586 419 1660 pretio
444 1587 528 1658 plane
554 1585 736 1653 destitutum,
767 1585 902 1642 nimirum
933 1585 1000 1656 quia
1029 1584 1113 1643 adest
1140 1583 1385 1657 cantabrigiensis
1412 1585 1445 1643 in

326 1684 488 1742 universum
508 1682 593 1754 plane
613 1682 742 1754 geminus
763 1697 797 1740 ac
822 1679 1024 1754 praeferendus
1050 1682 1152 1752 etiam,
1179 1682 1255 1752 quod
1279 1683 1369 1740 multo
1397 1687 1447 1741 est

326 1780 446 1853 plenior.

407 1875 544 1935 Attamen
565 1874 596 1932 id
615 1875 718 1946 ipsum,
747 1874 822 1947 quod
848 1875 933 1946 plane
957 1873 1134 1933 consimilem
1165 1879 1276 1933 textum
1302 1875 1446 1947 praebent

326 1974 394 2032 libri
415 1974 466 2041 OS,
498 1977 594 2031 monet
619 1972 680 2030 sine
706 1971 807 2038 dubio,
834 1987 870 2029 ne
896 1971 1044 2030 credamus
1072 1972 1164 2044 ipsum
1184 1972 1309 2031 scribam
1334 1972 1447 2030 codicis

327 2071 456 2130 Oreum
481 2070 621 2142 agendum
646 2085 707 2127 esse
737 2073 834 2126 textus
864 2068 943 2127 illius
975 2069 1133 2140 depravati,
1166 2069 1279 2140 qualem
1307 2069 1378 2141 legis
1411 2070 1444 2126 in

327 2165 567 2239 omtabngiensi.
610 2165 700 2224 Immo
721 2165 828 2224 codicis
849 2165 871 2224 C
892 2165 1027 2225 librarius
1050 2181 1221 2238 quamquam
1244 2182 1301 2224 non
1324 2183 1445 2238 prorsus

327 2263 452 2322 fideliter
472 2263 614 2335 expressit
634 2262 780 2335 exemplar
800 2278 889 2334 suum,
911 2268 1008 2321 tamen
1029 2263 1060 2321 iu
1080 2263 1243 2322 uuiversum
1256 2279 1375 2322 munere
1390 2281 1445 2323 suo

327 2367 374 2422 sat
393 2361 465 2420 bene
485 2360 601 2418 iunctus
621 2365 673 2428 est,
695 2376 762 2418 nam
776 2360 947 2433 perspicuae
961 2365 991 2418 et
1005 2360 1131 2433 eleganti
1144 2361 1305 2432 scripturae
1325 2377 1446 2433 operam

328 2459 408 2518 dedit
429 2462 514 2528 atque
536 2456 623 2515 etiam
647 2456 683 2514 ab
704 2456 864 2516 exercenda
891 2462 954 2515 arte
975 2457 1077 2514 critica
1100 2457 1186 2529 plane
1216 2457 1363 2516 abstinuit.
1406 2459 1442 2517 Id

327 2556 419 2630 igitur
439 2554 592 2626 exemplar,
615 2553 691 2626 quod
711 2545 780 2611 anie
801 2554 899 2612 oculos
919 2553 1021 2610 habuit
1041 2552 1135 2611 scriba
1155 2553 1260 2612 codicis
1276 2553 1306 2626 Ο,
1330 2554 1442 2626 duplici

327 2658 406 2712 recte
426 2653 606 2711 concluditur
629 2651 701 2710 vitio
732 2649 820 2710 fuisse
843 2649 993 2709 infectum:
1025 2651 1149 2724 primum
1174 2651 1250 2709 enim
1275 2651 1442 2710 incredibili

328 2749 435 2808 seatuit
449 2748 532 2820 copia
551 2747 795 2820 depravationem,
816 2749 916 2819 quales
940 2745 1107 2806 referendae
1133 2751 1199 2805 sunt
1225 2749 1262 2807 ad
1287 2748 1444 2822 neglegen-

329 2845 399 2904 tiam
419 2851 450 2904 et
469 2845 620 2904 stultitiam
641 2845 807 2914 scribarum,
829 2844 932 2902 deinde
954 2849 1051 2902 autem
1072 2845 1147 2903 idern
1167 2846 1218 2918 ille
1238 2846 1375 2904 librorum
1398 2847 1443 2906 OS

328 2942 637 3016 archetypus'manum
659 2957 760 3016 passus
781 2945 845 3000 erat
864 2940 1032 2999 correctoris
1052 2941 1220 3014 cuiusdam,
1246 2941 1293 3014 qui
1318 2959 1369 3000 suo
1395 2959 1443 3000 ar-

328 3037 425 3113 bitrio,
447 3040 593 3112 quaesibi
614 3039 810 3112 displicerent,
842 3044 950 3096 temere
970 3042 1131 3097 mutaverat
1156 3039 1230 3096 nihil
1250 3055 1353 3098 curans
1372 3040 1443 3098 libri

329 3138 374 3196 sui
394 3137 589 3210 archetypum,
613 3137 692 3196 cuius
712 3137 756 3194 rei
776 3134 907 3208 exempla
925 3134 1001 3193 infra
1022 3134 1232 3194 tractabuntur.
1274 3136 1331 3194 Hic
1350 3137 1444 3208 igitur

329 3234 386 3293 fuit
405 3235 513 3308 primus
534 3234 644 3292 Aetnae
664 3232 798 3292 carminis
817 3232 1006 3304 interpolator
1027 3237 1056 3291 et
1082 3265 1120 3274 —
1153 3233 1178 3291 si
1199 3233 1307 3306 excipis
1326 3233 1446 3292 interim

330 3336 528 3405 excerptorem
547 3330 718 3401 Permirum,
740 3330 775 3388 de
796 3346 851 3400 quo
872 3330 969 3388 statim
990 3329 1142 3389 dicendum
1162 3330 1218 3387 erit
1241 3363 1277 3372 -
1300 3330 1385 3389 simm
1398 3330 1446 3387 ul·

329 3428 417 3488 limus
437 3433 504 3487 ante
525 3429 626 3500 Italos,
648 3428 697 3500 qui
717 3426 831 3485 saeculo
851 3425 909 3487 XV
928 3426 1145 3487 renascentibus
1172 3426 1203 3484 in
1224 3427 1309 3486 Italia
1333 3427 1443 3486 litteris

330 3525 466 3584 furtivum
487 3525 656 3584 emendandi
676 3524 823 3597 negotium
849 3524 941 3582 denuo
962 3539 1120 3596 suscepere.
1162 3524 1217 3583 Est
1237 3525 1325 3597 igitur
1350 3523 1443 3588 codex

331 3623 353 3682 G
374 3621 467 3681 fidelia
486 3627 520 3680 ut
539 3623 582 3680 ita
603 3621 696 3680 dicam
715 3620 801 3678 heres
820 3620 987 3693 interpolati
1008 3621 1113 3680 codicis
1127 3625 1157 3679 et
1170 3637 1267 3680 crassa
1280 3621 1441 3679 scribarum

331 3717 533 3791 depravatione
551 3717 668 3790 aspersi,
690 3717 741 3776 sed
767 3716 951 3775 nihilominus
969 3717 999 3775 in
1020 3717 1128 3776 maiore
1148 3719 1281 3776 carminis
1298 3721 1383 3790 parte
1403 3747 1443 3801 ῥ-

331 3815 457 3889 exceptis
469 3814 605 3872 nimirum
613 3812 743 3872 versibus
758 3815 815 3872 138
827 3847 864 3857 -
877 3815 936 3880 287
946 3847 983 3858 -
995 3815 1100 3888 ubique
1110 3815 1233 3874 maxime
1243 3813 1441 3879 consulendus,

330 3928 396 3970 nam
427 3911 529 3970 ceteris
559 3909 660 3968 melior
690 3914 735 3968 est
765 3909 826 3969 sine
849 3911 934 3970 dubio
961 3910 1102 3982 omnibus,
1135 3911 1214 3969 cuius
1244 3911 1287 3969 rei
1312 3909 1444 3981 exempla

330 4007 498 4067 afferentem
519 4007 652 4066 conferas
665 4007 780 4067 interim
793 4009 964 4066 Munronem
984 4024 1013 4081 p.
1036 4010 1084 4068 30.
1125 4008 1211 4067 Haud
1231 4008 1305 4066 enim
1325 4023 1391 4065 raro
1412 4006 1443 4061 in

330 4106 392 4163 solo
417 4103 649 4178 cantabrigiensi
677 4106 803 4179 genuina
833 4110 936 4179 po'e'tae
965 4120 1065 4164 manus
1094 4105 1210 4177 integra
1239 4109 1353 4161 servata
1384 4106 1442 4172 est,

330 4200 406 4275 quod
426 4218 484 4260 nen
503 4202 667 4276 miraberis,
688 4203 714 4262 si
734 4207 859 4263 aetatem
883 4203 950 4262 libri
970 4202 1064 4260 animo
1085 4205 1180 4260 tecum
1199 4200 1387 4272 reputaveris.

410 4299 541 4359 Eundem
566 4300 625 4360 lere
650 4301 790 4361 secundae
816 4300 915 4359 elassis
939 4302 1062 4369 textum,
1094 4312 1179 4370 quem
1199 4296 1445 4371 cantabrigiensis
