3108 5202
590 611 808 674 ...45...

142 823 267 894 explere,
289 839 373 895 quam
394 821 527 887 Senecae,
549 821 629 880 cuius
649 821 751 879 mirum
772 827 908 892 quantum
929 821 988 879 illis
1002 821 1178 892 temporibus
1191 835 1255 878 cum

148 937 167 978 a
188 920 370 994 philosophie
390 925 450 978 tum
471 935 489 977 a
508 918 681 978 naturalium
701 935 796 977 rernm
810 917 970 991 cognitione
984 918 1076 976 valuit
1089 917 1267 977 auctoritas·

224 1017 278 1076 His
298 1033 371 1089 quae
391 1017 449 1075 iam
469 1022 604 1076 secuntur
623 1015 735 1088 paginis
755 1014 900 1089 cogitandi
920 1019 1006 1086 atquc
1026 1013 1114 1071 etism
1134 1011 1255 1083 dicendi,

144 1115 345 1194 sedura-xime
370 1107 514 1190 cogitandi
540 1103 766 1171 similitudinem
776 1105 813 1154 L
834 1112 905 1170 baec
931 1111 1007 1169 enim
1031 1109 1124 1168 maior
1148 1111 1193 1168 est
1218 1107 1256 1150 -'-

143 1202 285 1295 enarrabo
315 1213 539 1272 intercedentem
569 1213 644 1276 inter
670 1209 807 1270 Senecam
833 1215 862 1269 et
887 1209 1002 1268 Aetnae
1027 1213 1182 1277 auctorem,
1209 1207 1256 1279 qui

144 1296 358 1368 Cordubensem
379 1323 461 1368 suum
482 1308 571 1381 probe
592 1308 665 1381 legit
685 1314 770 1379 atque
791 1305 950 1366 adamavit:
976 1305 1007 1363 in
1033 1305 1088 1363 hac
1108 1307 1205 1363 autem
1225 1321 1257 1362 rc

144 1402 367 1465 demonstranda
395 1406 536 1464 interdum
569 1421 604 1462 ne
635 1405 745 1463 minora
770 1404 885 1476 quidem
911 1403 1020 1476 sprevi,
1053 1419 1126 1474 qnae
1150 1418 1203 1474 per
1227 1417 1259 1459 ss
1326 1450 1329 1486 ,

144 1504 218 1562 nihil
238 1505 474 1575 demonstrarent,
496 1503 547 1562 scd
568 1503 636 1574 quia
656 1507 723 1561 sunt
742 1502 833 1574 plura,
862 1501 1065 1560 demonstrent.
1105 1499 1157 1557 Eis
1177 1482 1259 1570 locis,
1327 1487 1335 1516 ”

145 1601 198 1659 ubi
218 1600 328 1660 Seneca
348 1600 467 1659 aliorum
480 1600 606 1658 virorum
620 1600 765 1658 doctrinas
779 1597 904 1674 exponit,
926 1597 951 1656 si
969 1601 1064 1656 certus
1078 1613 1157 1656 eram
1170 1595 1258 1654 Sene-

145 1715 210 1757 cam
230 1699 290 1758 sive
310 1715 444 1788 expresse
470 1698 529 1756 sive
555 1698 644 1756 tacite
671 1696 846 1757 consensisse
866 1712 930 1753 cum
951 1695 993 1753 eis
1013 1695 1084 1768 ipsis
1103 1694 1200 1753 verbis
1220 1723 1258 1736 —-

145 1797 188 1854 nil
209 1796 331 1870 amplius
351 1827 399 1864 -,
421 1812 493 1868 qnae
513 1796 628 1867 quidem
649 1794 834 1866 laudaverim,
859 1794 903 1852 ita
927 1810 987 1852 rem
1014 1793 1068 1866 egi,
1096 1792 1178 1864 quasi
1198 1793 1260 1865 ipse

147 1894 258 1954 Seneca
277 1896 451 1966 loqueretur,
480 1894 556 1966 qnod
581 1892 678 1952 iacere
703 1899 736 1950 ut
757 1893 880 1951 editores
900 1892 943 1950 ita
962 1907 1009 1949 me
1029 1906 1062 1949 eo
1082 1890 1172 1963 magis
1192 1890 1261 1948 lice·

149 1994 209 2065 bat,
231 1993 305 2065 quia,
328 1996 361 2050 ut
382 2007 441 2050 non
460 1991 537 2049 omni
558 2007 594 2050 cx
616 1995 699 2062 parte
714 1991 863 2064 probasset
876 1990 947 2047 haec
961 1989 1013 2046 illa
1026 1989 1142 2060 Seneca,
1164 1993 1261 2046 tamen

149 2089 336 2161 quodcunque
367 2089 505 2161 scriptum
536 2087 606 2160 legit
636 2088 667 2144 in
697 2086 877 2145 naturalibus
907 2086 1119 2158 quaestionibus
1150 2084 1261 2144 Aetnae

148 2189 258 2254 auctor,
285 2192 350 2246 erat
375 2187 505 2260 profecto
530 2203 550 2244 a
575 2185 684 2244 Seneca
708 2186 854 2258 scriptum.
897 2185 938 2243 Et
957 2188 1063 2256 quanto
1084 2199 1172 2256 opere
1194 2199 1262 2240 con·

148 2285 229 2342 cinat
253 2289 351 2344 noster
375 2300 439 2343 cum
466 2284 555 2357 ipsius
582 2285 706 2343 Senecas
733 2282 884 2341 sententiis
908 2281 938 2339 iu
963 2280 1049 2340 rebus
1073 2279 1261 2354 gravissimis,

151 2382 208 2440 hoc
230 2382 254 2440 si
275 2383 423 2454 quisquam
444 2397 498 2454 ego
520 2381 582 2455 ipsc
602 2381 728 2453 cognovi.
770 2381 849 2452 Quae
869 2380 960 2452 igitur
981 2379 1109 2452 dispersa
1128 2379 1264 2452 leguntur
1307 2363 1308 2366 ¹

151 2480 200 2538 hic
220 2479 280 2538 illic
300 2480 330 2537 in
357 2479 569 2538 commentariis
594 2477 793 2550 Wernsdortii,
821 2477 930 2544 Jacobi,
956 2477 1107 2536 Munrcnis
1132 2476 1261 2548 denique,

150 2577 340 2650 haecomnia
362 2575 517 2650 diligenter
544 2576 646 2649 collegi
671 2581 701 2634 et
726 2576 864 2649 disposui,
898 2576 972 2634 mele
1001 2574 1120 2633 laudata
1150 2573 1263 2632 silentio

152 2675 300 2748 praeterii,
322 2691 396 2733 nova
415 2675 478 2746 ipse
499 2673 599 2733 addidi
619 2673 680 2732 sive
699 2674 788 2733 tacite
809 2674 870 2732 sive
890 2689 1024 2746 expresse
1044 2670 1203 2746 plurima).

232 2771 401 2844 Priusquam
431 2776 527 2830 autem
557 2771 587 2828 in
617 2771 708 2845 ipsam
732 2770 909 2844 geolcgicam
930 2768 1102 2841 doctrinam,
1135 2769 1265 2840 qnalisa

151 2871 262 2929 Seneca
282 2875 313 2927 et
331 2868 441 2927 Aetnae
462 2872 547 2941 po'c‘ta
567 2868 733 2942 exponitur,
765 2867 926 2925 accuratius
946 2866 1129 2938 inquiramus,
1151 2863 1264 2937 siquid

151 2970 303 3039 praeterea
323 2966 468 3040 cogitandi
487 2965 681 3024 similitudinis
701 2965 777 3023 inter
796 2969 947 3037 utrumque
960 2963 1159 3037 philosophum
1173 2964 1265 3022 inter-

154 3063 282 3122 cedentis
302 3065 410 3137 poterit
430 3065 500 3136 erni,
522 3064 577 3122 hcc
597 3062 788 3137 praemittam.

233 3163 277 3221 Ac
306 3162 429 3235 primum
459 3161 573 3233 quidem
599 3161 708 3221 occasio
727 3159 880 3218 invehendi
898 3161 929 3217 in
948 3163 1059 3232 poetas,
1091 3160 1196 3231 quippe
1217 3159 1266 3232 qui

154 3275 229 3319 vana
259 3264 345 3332 atque
369 3259 465 3318 inutili
485 3259 687 3333 imaginatione
706 3274 753 3317 res
772 3257 855 3316 fictas
875 3262 1060 3330 procrearent
1081 3263 1110 3314 et
1130 3258 1166 3316 ab
1188 3258 1266 3317 omni

229 3517 250 3585 ¹)
269 3514 401 3571 Laudabo
421 3513 541 3570 Senecae
559 3513 701 3568 nahrrales
721 3513 897 3584 quaestiones
916 3513 1037 3567 numeris
1055 3511 1165 3582 Haasii,
1190 3512 1267 3566 cuius

157 3605 244 3662 editio
263 3605 306 3659 est
323 3602 480 3658 novissima
518 3600 648 3658 Ceterum
674 3601 727 3656 hoc
753 3601 837 3656 liceat
859 3600 937 3656 effari
959 3601 1011 3654 hac
1033 3600 1098 3656 datu
1125 3599 1269 3656 occasione

157 3693 315 3762 elegantem
333 3691 502 3746 nahmalium
520 3691 714 3762 quaestionum
732 3691 881 3746 editionem
900 3692 928 3744 ct
940 3705 1011 3760 quae
1024 3689 1157 3744 severiori
1168 3689 1269 3744 iudicio

159 3784 187 3838 ct
205 3780 347 3836 exactiore
368 3778 512 3849 postulare
536 3779 617 3834 solito
642 3778 803 3850 satisfaciat,
830 3778 981 3834 desiderari
1003 3777 1104 3833 adhuc:
1132 3777 1270 3847 plurimae

158 3868 333 3939 corruptelae
345 3867 470 3923 nondum
482 3870 596 3922 sanamc
609 3867 730 3922 clamant
740 3869 914 3938 poscuntque
924 3882 1036 3920 manum
1048 3866 1270 3936 emendatricem,

160 3956 237 4013 haud
263 3972 369 4026 paucae
397 3953 513 4010 lacunae
542 3954 666 4010 nondum
693 3954 818 4010 detectae
841 3953 1023 4010 subtilitatem
1045 3954 1215 4024 indagatoris
1244 3956 1272 4010 et

161 4044 357 4118 supplementa
379 4059 438 4114 sua,
460 4042 543 4098 immo
566 4043 619 4097 toti
640 4041 713 4111 libri,
736 4043 768 4097 ut
789 4041 902 4097 tandem
925 4042 1072 4113 aliquando
1091 4059 1156 4098 vcro
1176 4043 1272 4098 ordine

161 4136 314 4207 ponantur:
332 4133 363 4187 in
379 4149 411 4188 re
430 4131 571 4201 exegetica
583 4129 755 4200 Ruhhopfius
775 4131 810 4199 (a.
825 4131 904 4200 1811)
922 4129 1113 4203 Koelerusque
1132 4134 1168 4202 (a.
1183 4133 1272 4201 1819),

161 4225 191 4280 in
208 4241 240 4278 re
259 4223 356 4278 critica
371 4221 517 4278 Fickertus
536 4222 573 4293 (a.
594 4221 673 4293 1845)
693 4223 722 4276 et
738 4219 856 4275 Haasius
876 4220 911 4288 (a.
933 4221 1010 4289 1852)
1030 4237 1086 4275 non
1103 4222 1191 4277 multa
1208 4220 1273 4276 reli-

162 4328 250 4384 quere
268 4312 432 4381 corrigenda
450 4314 498 4366 aut
515 4310 641 4367 addenda
658 4325 730 4366 novo
748 4309 857 4378 editori,
875 4307 924 4363 sed
941 4308 1068 4378 plurima.
