3108 5202
740 605 956 671 ..52-

297 818 379 892 Quod
398 818 472 877 enim
494 818 631 892 praebent
651 817 692 875 ibi
711 816 822 876 5511555
845 821 941 888 ,terra
962 818 1078 877 minutis
1097 835 1165 877 rara
1186 816 1402 888 foraminibus‘,

297 916 449 988 Naehlyus
464 920 494 974 et
507 915 662 986 Baehrens,
683 913 751 986 quia
763 914 896 972 nimirum
909 931 1061 988 perperam
1074 915 1222 974 vertebant
1239 915 1301 984 ,die
1314 914 1402 986 Erde,

298 1013 344 1074 115
364 1029 418 1070 nur
438 1014 529 1072 seiten
548 1011 643 1072 kleine
663 1009 839 1070 Hohlraume
859 1012 943 1080 hat“,
964 1017 1120 1087 51555155
1141 1012 1295 1084 doctrinae,
1317 1028 1403 1083 quam

297 1109 382 1184 plane
406 1109 493 1168 aliam
513 1124 575 1167 esse
594 1107 722 1166 sciebant
742 1123 777 1166 ex
797 1123 840 1165 55.
863 1110 996 1181 94-98,
1025 1110 1221 1182 subvenirent,
1249 1109 1293 1167 ita
1312 1114 1405 1166 muta-

296 1211 408 1274 rerunt,
428 1211 463 1264 nt
485 1207 584 1276 ,laxa“
607 1205 765 1264 scriberent
784 1206 830 1264 vel
852 1211 1000 1278 ,sparsa“:
1024 1210 1067 1266 est
1087 1212 1182 1266 autem
1201 1206 1275 1264 illud
1298 1210 1401 1274 ,rara“

299 1303 398 1363 eodem
423 1320 507 1363 sensu
521 1303 631 1361 Aetnae
650 1303 713 1361 loco
734 1303 933 1376 accipiendum,
956 1319 1011 1376 quo
1026 1303 1153 1363 Senecae
1173 1321 1206 1363 eo
1227 1304 1299 1375 loco,
1322 1318 1407 1374 quem

299 1417 387 1475 supra
414 1400 529 1461 exhibui
551 1405 582 1458 et
601 1400 768 1458 vertendum
787 1416 839 1473 per
858 1407 985 1460 nostrum
1008 1401 1128 1474 ,rissig“
1150 1402 1196 1460 uel
1219 1401 1403 1476 ,5515515511ι

299 1499 350 1569 115,
371 1503 403 1556 51
422 1497 539 1556 raritati
560 1498 597 1556 sit
617 1496 747 1570 opposita
767 1497 900 1570 15551155,
922 1497 957 1558 ci.
978 1498 1065 1570 Verg.
1087 1498 1192 1572 Georg.
1214 1499 1251 1570 Il,
1275 1498 1405 1568 226555.

301 1596 337 1655 51
355 1589 876 1667 11151).5111.11.Ι,5,8,11,52,
901 1597 925 1653 1.
959 1627 997 1637 -
1027 1595 1101 1654 Eam
1132 1600 1226 1654 antem
1257 1611 1408 1667 compara·
1488 1671 1493 1682 Ι

300 1694 416 1764 1155555,
437 1708 509 1764 quae
529 1692 634 1765 legitur
653 1691 718 1750 1515
739 1706 757 1750 5
776 1708 801 1749 5.
816 1692 855 1751 98
876 1692 1022 1764 usquead
1042 1708 1069 1752 5.
1093 1694 1159 1760 101,
1181 1692 1343 1751 animalium
1357 1707 1408 1750 55-

303 1806 355 1849 nas
369 1792 553 1863 spectantem,
567 1805 640 1860 quae
653 1787 740 1847 simili
752 1788 815 1846 vice
828 1786 984 1862 fungentur
997 1789 1027 1846 in
1040 1790 1207 1862 corporibus
1221 1790 1408 1848 animantium

304 1903 338 1948 55
356 1903 444 1946 uenae
464 1886 537 1944 hanc
556 1891 665 1944 terram
682 1891 881 1958 percurrentes
894 1887 924 1944 in
937 1885 1022 1944 huius
1035 1886 1198 1959 visceribus,
1219 1887 1278 1960 legi
1289 1891 1319 1946 et
1332 1886 1409 1960 apud

305 1985 440 2045 Senecam
460 1982 495 2040 N.
518 1981 624 2054 QVI,
648 1983 693 2052 14,
717 1985 730 2040 1
753 1983 811 2040 lam
832 1984 899 2042 olim
919 1983 1048 2056 Scaliger
1067 1984 1225 2042 adnotavit:
1251 1984 1312 2057 ipse
1332 1984 1408 2042 addo

303 2082 339 2142 N.
361 2080 393 2154 Q.
413 2080 471 2152 111,
505 2081 550 2151 15,
574 2082 599 2137 l.
640 2079 733 2137 Tenet
761 2080 866 2154 igitur,
897 2081 965 2154 quia
993 2081 1074 2138 ‘nihil
1097 2097 1217 2153 usquam
1241 2081 1325 2140 inane
1345 2081 1408 2148 551,

303 2184 383 2238 terra
400 2177 481 2236 venis
501 2177 560 2235 suis
579 2176 758 2249 hiatibusque
778 2178 909 2250 spiritum
929 2177 1083 2246 inclusum,
1115 2178 1152 2237 ci.
1173 2195 1198 2236 5.
1224 2180 1294 2251 101,
1316 2179 1351 2239 N.
1375 2179 1410 2250 Q.

304 2275 356 2342 VI,
377 2275 425 2346 25,
449 2277 475 2346 3,
496 2274 550 2342 ΙΠ,
574 2274 620 2346 16,
642 2275 669 2335 5.
690 2306 728 2318 -
748 2274 795 2333 Ad
815 2275 866 2334 hos
885 2276 961 2349 ipsos
982 2277 1183 2334 subterraneos
1204 2276 1318 2334 canales
1331 2275 1408 2334 reie-

304 2373 422 2432 rendum
443 2377 495 2444 551,
516 2371 592 2444 5551
611 2369 727 2431 flumina
746 2372 885 2443 quaedam
905 2374 1000 2432 subito
1020 2372 1112 2431 555115
1121 2373 1304 2446 voraginibus
1318 2373 1407 2430 inter-

305 2474 389 2542 cepta
408 2469 596 2528 absorbentur
617 2475 647 2528 et
667 2469 767 2528 deinde
787 2469 818 2526 in
837 2469 1029 2528 subterraneis
1049 2469 1128 2528 uenis
1148 2469 1330 2540 hiatibusque
1343 2485 1408 2527 cur·

306 2584 367 2627 aum
397 2582 483 2641 agere
511 2570 636 2639 pergunt
665 2565 726 2625 sive
745 2582 887 2638 nunquam
908 2572 938 2625 51
957 2582 1095 2638 nusquam
1115 2566 1218 2624 iterum
1238 2565 1407 2639 apparitura

306 2666 395 2725 oculis
424 2647 529 2722 nostris
559 2664 619 2721 sive
643 2663 726 2736 longe
746 2663 803 2720 alio
823 2663 887 2722 loco
907 2679 1005 2722 rursus
1026 2665 1173 2722 exsultura
1193 2679 1210 2721 5
1229 2662 1355 2721 tenebris
1377 2670 1406 2721 et

304 2766 470 2838 perrectura
488 2777 574 2833 porro
594 2759 653 2818 labi
672 2761 702 2818 iu
721 2765 873 2831 conspectu
893 2765 990 2818 555155
1010 2775 1067 2818 555
1088 2761 1174 2818 aliter
1194 2776 1229 2818 55
1248 2764 1317 2827 tum,
1341 2776 1405 2818 cum

306 2861 429 2919 nondum
458 2858 540 2917 fuere
569 2859 682 2917 hausta.
721 2856 803 2915 Haec
825 2857 1020 2915 sententiaeb
1041 2857 1261 2930 Aetnaepoeta
1281 2872 1327 2915 55.
1352 2857 1408 2914 123

306 2959 404 3016 -127
430 2957 520 3014 allata
549 2956 663 3027 egregie
686 2954 828 3026 conspirat
847 2953 884 3012 51
903 2953 946 3025 11,
979 2953 1054 3027 5551
1084 2953 1169 3012 15551
1188 2953 1297 3012 Seneca
1315 2955 1353 3013 N.
1375 2955 1410 3026 Q.

306 3055 359 3122 111,
382 3054 429 3118 26,
450 3055 481 3111 3:
513 3052 675 3123 ,Quaedam
698 3048 814 3110 flumina
833 3051 929 3124 palam
948 3051 977 3108 in
997 3051 1120 3123 aliquem
1142 3066 1256 3122 specum
1276 3051 1411 3110 decidunt

181 3200 184 3209 .
308 3158 338 3211 et
367 3152 409 3210 sic
439 3167 474 3208 ex
505 3149 594 3208 oculis
618 3147 801 3220 auferuntur,
827 3149 966 3220 quaedam
992 3153 1196 3207 consumuntur
1219 3148 1360 3220 paulatim
1381 3152 1410 3206 51

307 3247 489 3308 intercidunt.
520 3245 629 3304 Eadem
650 3261 685 3303 ex
697 3245 850 3304 intervallo
864 3251 1046 3305 reuertuntur
1056 3245 1254 3317 recipiuntque
1265 3253 1296 3303 et
1308 3261 1410 3302 nomen

281 3345 285 3352 '
309 3352 339 3406 51
358 3360 469 3404 cursum
491 3388 498 3402 .
521 3388 527 3403 .
551 3388 557 3403 .
588 3342 641 3401 1115
663 3341 714 3418 (55.
735 3342 871 3402 inferiore
891 3349 921 3402 et
940 3342 1033 3418 inani)
1052 3345 1150 3414 itaque
1163 3348 1282 3415 recepta
1294 3341 1411 3400 fiumina

309 3460 406 3503 cursus
426 3456 509 3514 egere
528 3443 646 3511 secreto,
668 3440 718 3499 sed
738 3441 936 3514 cumprimum
949 3441 1058 3512 aliquid
1071 3439 1163 3512 solidi,
1185 3439 1261 3511 quod
1276 3438 1412 3512 obstaret,

310 3539 442 3608 occurrit,
464 3542 601 3610 perrupta
619 3541 710 3610 parte,
733 3554 805 3610 quae
824 3539 916 3596 minus
935 3538 973 3597 51
993 3538 1100 3596 exitum
1119 3537 1307 3609 repugnabat,
1328 3553 1413 3609 repe-

310 3639 382 3697 tiere
401 3651 513 3695 cursum
533 3651 622 3693 suum

390 3732 438 3793 Sic
457 3732 507 3790 ubi
525 3736 639 3791 terreno
669 3748 695 3792 e.
726 3747 753 3803 q.
774 3750 796 3790 s.
818 3732 867 3792 05.
900 3736 967 3792 met.
989 3721 1054 3804 XV,
1076 3732 1133 3790 273
1155 3736 1245 3802 sqq.“,
1267 3729 1302 3790 cf.
1328 3734 1358 3788 et
1378 3731 1415 3790 N.

312 3833 344 3905 Q.
366 3832 415 3902 VI,
438 3833 466 3901 8,
489 3832 503 3888 l
526 3834 556 3888 et
577 3831 605 3889 2.
627 3861 663 3872 -
684 3830 719 3888 V.
741 3831 799 3887 114
824 3830 943 3888 docetur
961 3827 1083 3888 fortasse
1107 3829 1195 3887 etiam
1218 3842 1340 3900 vapores
1359 3827 1417 3886 iter

312 3930 367 3989 sibi
387 3934 416 3987 et
435 3928 494 4002 igni
513 3932 648 4000 parantes
668 3927 736 3986 olim
757 3932 863 3985 terram
883 3928 1002 3985 rimatos
1022 3943 1096 3986 esse:
1118 3925 1286 3984 adeundam
1301 3942 1416 3984 causam

313 4043 423 4086 omnem
443 4026 530 4084 etiam
549 4029 650 4098 postea
670 4023 846 4083 accidentem
866 4031 961 4084 terrae
981 4027 1134 4083 tremorem
1154 4027 1240 4095 atque
1264 4023 1417 4082 scissuram

312 4125 457 4184 rettulisse
486 4122 636 4181 nonnullos
658 4121 741 4180 docet
765 4122 829 4182 Scn.
850 4123 885 4180 N.
908 4121 942 4192 Q.
963 4122 1012 4194 VI,
1037 4123 1082 4182 ll.
1122 4120 1290 4194 Legendum
1319 4123 1418 4178 autem

313 4224 343 4282 in
363 4224 473 4281 Aetnae
493 4237 519 4278 5.
543 4221 600 4277 114
620 4235 683 4277 cum
704 4217 806 4278 Sevino
833 4219 960 4289 ,vicere“
989 4219 1101 4278 55115.
1126 4218 1194 4286 116,
1220 4218 1270 4276 511
1291 4233 1419 4290 ,pugna-

313 4319 530 4392 5555111551155,
553 4333 605 4376 nec
625 4333 681 4374 non
701 4317 735 4375 N.
758 4318 789 4389 Q.
811 4317 860 4389 VI,
886 4316 930 4389 14,
954 4317 981 4385 3,
1002 4316 1051 4374 ubi
1074 4317 1218 4388 ,pugua“:
1239 4315 1315 4374 idem
1335 4307 1418 4375 15555
