3108 5202
596 613 811 674 ..17-

152 809 267 882 Munro,
286 813 367 884 sequi
379 816 538 876 maluerunt
551 818 789 892 interpolatorum
804 823 932 882 oodioum
945 826 1120 887 memoriam.
1154 829 1257 888 Exstat

152 907 240 981 igitur
259 909 288 966 in
309 907 545 985 Cantabrigiensi:

496 1024 511 1069 C
532 1027 567 1070 est

155 1109 239 1162 ,nam
261 1110 335 1166 quae
358 1098 485 1158 modalis
505 1052 579 1172 spes.
599 1116 706 1171 quaeve
726 1093 817 1162 euntia
834 1103 952 1173 maior“‚
973 1104 1253 1168 inHelnstudiensi:

155 1247 237 1302 “narn
257 1260 328 1316 quae
349 1247 477 1306 mortalis
497 1265 561 1322 spes
588 1255 631 1309 est
655 1267 762 1322 quaeve
787 1207 916 1311 amendia
945 1211 1068 1334 mainis&
1100 1272 1156 1314 non
1183 1261 1256 1330 ,qud

151 1349 308 1466 amantia&
327 1397 361 1454 ut
380 1396 503 1462 Jaeobus
524 1399 625 1470 edidit3
647 1417 713 1459 num
725 1401 897 1462 Baehrentis
918 1404 1064 1462 oolletioni
1081 1405 1172 1464 maior
1184 1403 1255 1466 fides

151 1490 281 1551 habenda
295 1497 340 1552 est
352 1509 436 1564 qnam
448 1495 697 1556 Lachmanniauae
711 1498 741 1556 in
750 1497 773 1556 J
773 1498 856 1557 aoobi
869 1500 992 1558 editione
1006 1518 1108 1574 pamm
1121 1509 1253 1563 accurate

150 1604 310 1662 expressae.
355 1593 388 1651 In
407 1596 602 1654 Arnndeliano
628 1597 762 1672 denique,
795 1615 878 1671 quem
898 1600 1002 1659 Murro
1024 1602 1156 1671 eontulit,
1184 1605 1255 1662 haee

149 1691 277 1746 exstant:

152 1799 233 1852 ,num
259 1801 331 1856 qnae
355 1788 483 1847 mortalis
508 1793 614 1863 spee'e'
642 1806 714 1862 quae
744 1792 850 1850 amatia
883 1793 1004 1853 muior“.
1044 1794 1132 1854 Vides
1164 1795 1253 1869 igitur

149 1883 308 1951 consentire
333 1885 384 1944 hos
408 1887 519 1946 oodioes
545 1889 576 1946 in
600 1905 668 1948 vooe
691 1896 792 1962 ,spes“
822 1890 1016 1963 aGyraldino
1042 1893 1126 1965 plene
1148 1895 1253 1954 aliena.
1375 1934 1380 1941 ·

148 1978 210 2036 Iam
235 1996 298 2038 eum
321 1999 408 2040 unum
437 1985 633 2044 tantummodo
654 1990 756 2058 poetae
778 2003 839 2046 esse
858 1989 949 2060 possit
973 1989 1101 2060 sequitur
1126 1990 1250 2050 alterum

149 2074 187 2133 ad
213 2076 447 2150 interpolatorem
471 2081 649 2142 referendum
675 2100 749 2142 esse:
782 2085 928 2156 quaeritur
948 2090 1052 2144 utrum.
1093 2088 1134 2147 Ut
1157 2089 1254 2147 statim

149 2170 253 2246 dicam,
285 2176 453 2235 voeabnlum
479 2184 577 2250 ,spes“
604 2180 716 2238 omnino
736 2181 889 2239 absurdum
915 2185 958 2240 est
982 2181 1036 2239 hoo
1060 2183 1130 2241 loeo.
1170 2184 1254 2243 Lieet

149 2271 223 2328 enim
243 2271 281 2330 ad
299 2275 468 2332 sententiam
492 2277 634 2346 sequentis
660 2293 758 2336 uersus
783 2278 961 2348 aliquatenus
986 2279 1119 2349 quadret,
1152 2285 1254 2339 eontra

148 2383 213 2426 oum
232 2385 316 2428 sensu
335 2386 434 2430 versus
454 2372 511 2430 257
531 2373 671 2443 quomodo
695 2389 758 2432 eam
777 2389 876 2433 vooem
903 2375 1065 2434 ooneooiare
1090 2376 1175 2444 velis,
1206 2395 1252 2436 me

149 2467 235 2538 plane
256 2466 338 2540 fugit
381 2468 436 2527 Sed
455 2469 511 2528 iam
531 2471 632 2543 liquet,
654 2471 728 2529 unde
749 2476 814 2530 orta
833 2472 870 2529 sit
889 2471 1086 2544 interpolatio:
1119 2473 1253 2532 nimirum

149 2563 224 2621 idem
253 2564 453 2637 interpolator,
484 2566 533 2637 qui
558 2566 673 2626 verbum
701 2568 807 2637 ,uelle“
839 2567 1000 2639 substituit,
1031 2568 1108 2626 idem
1137 2569 1252 2640 inquam

148 2660 264 2719 criticus
290 2661 329 2718 ‘in
347 2662 430 2721 Jovis
450 2667 592 2722 errantem
610 2679 699 2736 regno
719 2664 882 2737 perquirere
907 2664 994 2722 diroe'
1030 2664 1098 2735 quia
1118 2666 1154 2723 ab
1175 2668 1251 2724 omni

147 2757 269 2816 veritate
293 2761 353 2816 toto
373 2759 452 2818 eaelo
480 2760 632 2818 abhorrere
663 2770 693 2820 et
715 2749 827 2835 sperari
856 2761 1051 2819 tantummodo
1082 2776 1164 2832 posse
1194 2762 1251 2820 tale

147 2854 216 2924 qnid
235 2853 435 2923 arbitrabatur,
455 2857 552 2930 pingui
571 2857 715 2930 seriptnra
736 2862 850 2930 poetam
872 2862 979 2916 temere
1000 2857 1043 2915 ite
1064 2858 1197 2926 correxit,
1218 2869 1252 2916 nt

148 2951 292 3010 euaderet:
336 2969 418 3023 ,nam
438 2969 510 3025 qnae
531 2954 660 3012 mortalis
685 2970 763 3026 spes
788 2968 896 3025 quaeve
917 2953 1042 3012 amentia
1067 2954 1190 3026 maior“‚
1223 2960 1251 3013 et

146 3055 298 3121 praeterea
317 3049 393 3109 idem
412 3051 462 3109 ille
482 3051 639 3123 explendae
659 3051 817 3110 sententiae
831 3066 917 3109 eausa
930 3049 1134 3123 superscripsit
1159 3055 1249 3124 ,est“‚

147 3147 222 3219 qnod
242 3162 305 3204 enm
326 3147 568 3219 Cantabrigiensis
588 3147 681 3206 scriba
701 3145 825 3206 fideliter
848 3162 937 3220 supra
957 3147 1061 3206 lineam
1081 3147 1249 3220 depinxerit,

145 3245 175 3302 in
195 3243 418 3303 Helmstadiensi
438 3244 518 3302 etin
536 3243 737 3302 Arnndeliuno
756 3245 787 3302 in
807 3247 916 3302 textum
942 3243 1066 3316 irrepsit
1120 3243 1250 3303 Ceterum

148 3342 313 3411 ,mortalis“
325 3341 485 3400 vocativum
496 3357 591 3400 oasnm
607 3341 726 3413 pluralis
737 3340 847 3398 numeri
861 3339 972 3398 videtur
985 3339 1116 3412 intellegi
1125 3340 1250 3400 voluisse

147 3438 334 3510 interpolator
352 3442 456 3511 noster,
478 3454 647 3510 quemqnam
666 3439 697 3496 in
718 3437 773 3496 heo
792 3454 825 3496 re
844 3438 916 3496 oerti
936 3436 1085 3509 quiequam
1096 3437 1144 3495 uix
1161 3437 1251 3496 ausim

145 3534 301 3594 adimere:
332 3535 454 3595 fortasse
479 3537 553 3594 enim
574 3536 610 3595 de
630 3537 759 3610 genetiuo
780 3535 937 3608 singularis
958 3533 1096 3606 rogitavit
1108 3533 1168 3593 ille.
1192 3534 1249 3594 Sed

145 3635 211 3689 utut
241 3632 296 3690 hoo
330 3637 385 3699 est,
420 3629 574 3704 Gyraldini
607 3631 710 3692 horum
744 3648 874 3690 uersuum
911 3629 1062 3690 leotionern
1098 3630 1248 3702 integram,

145 3735 305 3788 ceterorum
318 3729 445 3788 oodionm
459 3729 661 3801 interpolatum
673 3745 733 3788 esse
746 3728 817 3788 satis
830 3728 1040 3788 demonstrasse
1054 3727 1124 3784 mihi
1137 3727 1247 3787 uideor.

144 3827 220 3888 Nam
239 3825 411 3885 Baehrentis
434 3825 506 3884 illud
525 3826 658 3894 „mortali
676 3827 817 3898 nequam“
839 3824 941 3884 inutile
960 3829 1012 3884 est

224 3923 293 3982 Jam
319 3938 387 3982 vero
406 3922 549 3982 uideamus
579 3937 676 3982 versus
706 3922 756 3993 qni
787 3925 853 3980 sunt
883 3921 941 3980 274
972 3936 1035 3992 sqq.
1074 3919 1248 3994 Gyroldinus

142 4020 214 4079 haee
233 4019 344 4078 hebuit:

253 4115 424 4189 ,implendus
443 4115 498 4174 sibi
517 4113 635 4187 quisque
654 4112 733 4172 bonis
754 4116 798 4172 est
818 4113 941 4172 artibus:
968 4112 1036 4170 illae

249 4220 315 4274 sunt
333 4214 419 4273 animi
438 4212 545 4288 fruges,
569 4213 640 4270 haee
659 4226 755 4270 rernm
775 4215 818 4270 est
837 4211 946 4284 optima
966 4225 1074 4268 meroes
1095 4226 1119 4268 e.
1141 4225 1170 4280 q.
1191 4213 1244 4278 s.“,
