3108 5202
572 625 703 690 -sc
746 660 802 722 -.

61 861 66 870 ·
129 835 218 894 rito.i
259 837 320 895 Iam
338 837 505 911 perspicies,
536 853 620 910 qnam
639 836 697 896 sint
716 836 876 893 contrariae
895 836 981 907 plane
1003 832 1133 892 notiones
1156 831 1225 902 ,im-

127 933 244 1007 piger&
276 951 350 1006 quaa
367 935 494 995 laborem
514 935 653 1007 declaret,
686 938 715 993 06
737 937 888 1005 ,uncins“,
911 948 984 1004 quae
1004 930 1106 990 nobile
1126 928 1225 989 otium.

129 1029 221 1090 Valde
240 1047 327 1103 porro
347 1031 512 1092 desudatum
532 1036 576 1091 est
594 1032 625 1089 in
644 1046 672 1092 v.
691 1030 757 1103 595,
778 1046 862 1103 quem
880 1027 999 1088 fortiore
1019 1028 1159 1087 medicina
1172 1028 1220 1086 ad-

129 1126 221 1186 hibita
240 1127 282 1186 sic
302 1127 426 1187 ederem:

330 1257 421 1311 ,nunc
440 1241 565 1315 Paphiae
584 1247 765 1302 manantes
784 1235 862 1301 ro're
883 1242 1008 1315 capilli“.

128 1355 212 1416 Haec
236 1356 346 1415 demum
366 1362 410 1417 est
427 1358 536 1430 liquida
555 1359 708 1427 sententia,
733 1359 763 1416 in
784 1375 840 1430 qua
859 1358 992 1416 lubenter
1012 1355 1226 1429 acquiescimus.

130 1454 211 1526 Quod
240 1459 335 1514 autem
363 1455 431 1514 libri
458 1455 564 1514 habent
595 1455 740 1525 ,rorantia
763 1458 845 1528 parte
866 1453 1004 1524 camilli“,
1035 1452 1090 1511 hcc
1111 1451 1223 1510 scribae

129 1551 323 1625 neglegentiae
342 1551 523 1610 tribuendum
542 1568 604 1611 esse
625 1567 734 1613 censeo.
764 1551 805 1610 Ε6
824 1551 893 1610 11006
911 1549 1056 1624 Hauptius
1077 1565 1173 1624 opusc.
1195 1547 1225 1605 II

128 1665 156 1722 p.
181 1649 236 1707 165
257 1665 316 1720 sqq.
343 1650 485 1723 egregiam
510 1665 625 1723 operam
650 1648 772 1716 dederit,
804 1654 837 1707 ut
863 1647 989 1707 refutata
1012 1647 1135 1707 lectione
1163 1661 1225 1715 ,ro-

128 1749 225 1805 rantes
255 1752 317 1805 arte
346 1746 405 1821 (uel
426 1747 568 1817 ,rorantis
598 1743 650 1822 (sc.
671 1744 813 1821 Paphiae)
834 1747 869 1805 ab
890 1746 986 1821 artc“)
1007 1745 1121 1817 capilli“
1145 1743 1226 1803 nobis

129 1843 313 1916 persuaderet
332 1847 446 1916 poetam
465 1843 613 1916 scripsisse
630 1860 727 1913 ,nunc
746 1841 875 1917 Paphiae
896 1847 1025 1901 rorantes
1044 1846 1126 1916 patre
1146 1841 1177 1916 (i
1200 1856 1226 1900 0.

129 1938 253 2014 Oceano)
274 1940 400 2013 capilli“,
422 1973 460 1984 -
481 1957 574 2013 aquo
594 1945 675 2000 textu
687 1941 856 1999 Baehrentis
866 1944 963 1998 textus
976 1938 1036 1998 iere
1050 1955 1107 1997 non
1118 1937 1224 2007 differt,

128 2035 183 2096 nisi
212 2037 287 2109 quod
316 2040 435 2110 ,‚patre‘
465 2038 549 2098 huius
577 2037 695 2096 lectioni
715 2040 846 2110 ‚,matrc“
867 2036 998 2110 praefero
1019 2069 1071 2108 -,
1103 2033 1227 2105 licetque

127 2137 216 2208 longa
238 2138 269 2192 et
288 2135 372 2193 docta
392 2135 582 2208 disputatione
602 2152 670 2194 usus
690 2137 729 2193 sit
748 2135 890 2207 Hauptius
912 2138 941 2192 et
961 2133 1091 2206 exempla
1099 2131 1122 2208 ¹)
1149 2135 1227 2189 attu-

127 2231 198 2290 lerit
218 2236 248 2290 et
260 2231 371 2292 Graeca
390 2237 420 2291 et
432 2231 545 2305 Latina,
567 2237 662 2291 tamen
681 2248 744 2290 mea
764 2232 878 2303 quidem
898 2230 1039 2290 sententia
1052 2229 1126 2286 illud
1147 2243 1225 2300 „ma-

128 2334 231 2388 nantes
259 2332 342 2402 patre
372 2329 430 2404 (vel
452 2328 573 2404 ‘matre’)
598 2329 715 2403 capilli“
745 2333 804 2387 tarn
829 2327 903 2386 nude
922 2327 1045 2399 positum
1064 2325 1146 2384 nimis
1166 2324 1226 2383 fere

129 2430 175 2486 cst
193 2426 294 2485 durum
313 2432 398 2500 atque
418 2426 567 2486 obscurum
587 2430 617 2484 et
636 2427 770 2485 abhorret
790 2426 826 2484 ab
845 2423 959 2484 Aetnae
979 2429 1108 2496 auctore,
1142 2438 1226 2496 quem

128 2522 242 2602 quidem
255 2524 388 2591 noverim,
411 2555 446 2566 —
467 2539 565 2584 versus
579 2523 654 2583 enim
669 2524 704 2581 13
719 2523 800 2596 „ipse
813 2539 863 2581 suo
876 2522 977 2581 flueret
990 2522 1120 2580 Bacchus
1133 2520 1224 2594 pcde“

127 2624 214 2694 longe
235 2620 292 2680 alia
312 2626 356 2680 006
374 2621 491 2696 indoles,
513 2638 591 2693 nam,
621 2626 654 2680 ut
674 2619 861 2680 Wernsdcrfii
881 2621 975 2679 verbis
995 2625 1076 2688 utar,
1109 2618 1226 2692 respicit

127 2721 214 2792 poita
245 2717 291 2776 ‘ad
309 2735 379 2778 uvas
398 2718 470 2792 pede
490 2720 614 2779 calcatas
634 2725 665 2778 et
684 2720 764 2793 prelo
785 2735 946 2792 expressas,
978 2723 1012 2776 ut
1031 2717 1110 2776 dicat
1129 2716 1225 2774 vinum

127 2815 218 2888 ipsius
242 2815 321 2887 quasi
340 2816 446 2875 Bacchi
470 2817 542 2889 pede
566 2818 594 2875 h.
617 2833 642 2878 e.
663 2834 716 2876 sua
735 2821 842 2891 sponte
865 2819 894 2874 et
914 2815 1018 2874 nullius
1038 2813 1160 2873 hominis
1180 2814 1224 2871 la-

127 2911 210 2983 bore,
242 2920 404 2986 expressum
432 2912 562 2974 fluxisse’.
604 2915 657 2974 Vel
686 2915 741 2974 hoc
759 2915 866 2988 ipsum,
892 2914 968 2986 quod
987 2913 1090 2971 incerti
1110 2912 1222 2983 sumus,
1285 2937 1287 2942 ·

129 3009 205 3070 sitne
225 3013 353 3083 ,‚matre“
373 3027 410 3070 an
424 3014 545 3085 „naum
558 3013 743 3081 scribendum,
764 3018 868 3080 monet,
889 3029 925 3072 ne
938 3015 1043 3084 poetae
1053 3016 1112 3071 tam
1126 3025 1224 3068 rarum

128 3107 331 3180 molestumque
356 3108 468 3168 dicendi
487 3125 573 3182 genus
592 3111 754 3169 coniectura
774 3110 969 3169 obtrudamus.
1010 3109 1056 3167 Ad
1076 3112 1224 3181 corrupte-

128 3203 175 3263 lae
194 3221 282 3276 genus
302 3206 524 3278 cognoscendum
543 3206 578 3266 ci.
599 3224 644 3266 vv.
666 3209 712 3280 80,
735 3209 801 3280 161,
825 3208 891 3278 187,
913 3207 980 3280 227,
1003 3207 1061 3266 276
1083 3212 1136 3265 etc.
1168 3205 1225 3266 Sed

128 3302 261 3374 quoniam
290 3320 384 3363 sumus
413 3304 444 3361 in
463 3306 639 3377 amiciendo,
669 3305 817 3364 videamus
837 3305 934 3364 statim
954 3322 981 3363 v.
1003 3305 1071 3364 106.
1114 3303 1225 3362 10100

127 3415 156 3459 v.
178 3400 235 3458 203
256 3401 351 3460 amula
369 3406 437 3475 apte
457 3401 611 3461 decurrunt
629 3403 660 3460 in
679 3403 874 3462 Baehrentina
894 3402 1032 3462 editione:
1067 3406 1097 3461 at
1117 3418 1144 3460 v.
1166 3401 1224 3460 206

127 3495 297 3557 medicinam
326 3501 453 3572 exposcit
475 3501 642 3560 vccabulum
673 3505 836 3576 „tantum“,
868 3518 940 3577 quae
960 3518 1017 3560 non
1037 3504 1167 3574 paratur,
1200 3498 1225 3557 si

128 3599 263 3669 „tantus“
285 3613 349 3655 cum
368 3597 527 3657 Matthiaeo
548 3599 695 3658 scribimus
714 3601 762 3660 vel
781 3604 896 3675 ,‚totus“
918 3601 963 3660 vel
985 3615 1049 3658 cum
1062 3598 1224 3657 Baehrente

129 3691 289 3765 ‚,tacitus“,
318 3692 387 3752 licet
415 3694 462 3753 hic
482 3711 553 3768 quae
573 3697 651 3755 notio
670 3697 710 3756 sit
729 3697 931 3770 exspectanda,
964 3695 1073 3769 optime
1094 3694 1221 3756 senserit

127 3786 191 3848 Im
210 3805 275 3847 cum
293 3793 350 3848 stet
369 3790 524 3850 subiectum
536 3793 618 3852 verbi
632 3796 764 3862 „vertat“
777 3794 886 3853 nullum
898 3793 992 3868 aptius
1004 3792 1126 3852 inveniri
1140 3808 1224 3867 quam

128 3883 222 3958 ipsum
240 3884 345 3958 Ditem,
366 3903 477 3947 mecum
496 3889 537 3948 sic
556 3890 630 3963 lege:

515 4019 590 4076 „nen
610 4005 734 4064 Tartara
753 4006 832 4065 caelo

129 4108 339 4118 ——-—-

217 4157 240 4227 ¹)
258 4157 380 4227 Quorum
406 4159 527 4215 omnium
552 4176 603 4231 per
620 4177 650 4216 00
667 4161 749 4230 longe
767 4161 901 4232 optimum
918 4164 1075 4235 exemplum
1093 4166 1136 4219 cst
1154 4163 1223 4221 Stat.

127 4244 188 4302 silv.
206 4247 237 4316 3,
266 4249 294 4316 1,
312 4250 360 4318 41,
377 4248 425 4304 ubi
440 4250 524 4319 posita
541 4248 606 4305 dicit
623 4247 769 4306 Herculem
787 4249 958 4320 ,coniectum
975 4252 1072 4309 thiasis
1091 4254 1120 4308 ct
1135 4251 1224 4306 multo

127 4331 212 4390 haue
229 4334 412 4393 medentem.
