3108 5202
774 597 968 660 ..4-

316 808 471 879 „provocat
502 804 680 877 admotisque
701 806 790 864 tertis
810 806 906 866 sidera
926 807 1041 879 signis“,
1073 806 1149 878 quod
1170 806 1311 878 quomodo
1341 807 1430 864 resti·

312 903 449 962 tuendum
471 903 524 974 sit,
548 902 671 960 hicnon
693 919 836 972 curamns;
863 903 919 961 hoc
939 904 1003 962 loco
1022 903 1065 960 nil
1086 902 1141 962 uisi
1167 903 1296 962 codicum
1317 900 1361 961 OS
1380 919 1429 960 ar-

312 999 453 1058 tissimum
485 1015 624 1058 conexum
655 1000 791 1072 exemplis
821 1001 968 1059 illustrare
998 1000 1099 1059 studeo
1121 1000 1158 1059 od
1183 1000 1332 1059 evidenter
1361 1015 1429 1072 per·

312 1096 486 1156 suadendum
512 1111 597 1167 qnam
617 1095 782 1167 aptissimis.
824 1095 933 1155 Versus
959 1098 1010 1168 60,
1047 1097 1127 1156 euius
1147 1097 1189 1154 nil
1208 1097 1263 1155 nisi
1276 1096 1429 1155 frustulum

294 1196 363 1262 ·„et
381 1208 436 1263 que
457 1190 508 1250 in“
532 1196 662 1265 superest
681 1191 713 1249 in
732 1192 970 1265 Helmstadieusi,
992 1193 1201 1266 Rebdigerano,
1222 1193 1427 1260 Arundsliano‚

311 1289 342 1346 in
356 1288 399 1348 OS
413 1293 494 1348 totus
512 1293 643 1347 servatus
657 1293 713 1347 est:
732 1293 835 1362 „atquo
848 1288 879 1347 in
893 1290 1057 1347 bellandum
1070 1305 1144 1362 quae
1166 1289 1368 1364 [bellandumq:
1391 1289 1426 1364 O]

951 1385 1052 1457 cuique
1070 1386 1203 1458 potentia
1225 1387 1349 1445 divum“.

312 1481 347 1539 In
383 1479 439 1540 fine
472 1497 569 1539 versus
607 1481 661 1538 117
698 1481 773 1552 quod
806 1481 897 1539 Aldus
931 1487 1009 1542 recto
1043 1483 1187 1555 supplevit
1223 1499 1298 1554 „nou
1328 1482 1431 1541 credat

312 1577 437 1649 inanis“,
470 1593 533 1636 cum
563 1581 660 1635 tamen
690 1578 775 1648 plane
805 1594 863 1635 non
888 1595 955 1636 usus
980 1579 1018 1637 sit
1047 1579 1129 1638 libris
1154 1579 1199 1638 OS
1232 1597 1306 1650 „non
1337 1580 1430 1637 crodit

312 1673 423 1731 inanis“
447 1689 504 1731 una
530 1679 624 1731 mente
647 1673 858 1746 exhibentibus,
891 1691 948 1733 non
967 1674 1052 1733 facile
1072 1677 1249 1748 explicatur:
1281 1681 1333 1734 out
1353 1677 1429 1734 enim

313 1769 384 1829 Aldi
403 1765 517 1828 felicem
537 1770 627 1828 habos
648 1770 841 1828 coniecturam
871 1775 922 1829 aut
951 1788 1018 1830 usus
1043 1776 1087 1830 est
1108 1772 1199 1831 Aldus
1221 1773 1278 1831 alio
1304 1773 1428 1844 quodam

315 1866 414 1924 codice
444 1865 530 1924 hodie
561 1866 723 1938 deperdito,
756 1867 802 1924 cui
833 1882 896 1925 cmn
926 1867 1008 1927 libris
1029 1866 1076 1926 OS
1096 1869 1187 1926 artior
1216 1868 1273 1926 fuit
1293 1885 1427 1928 conexus.

313 1962 413 2022 Ceteri
433 1963 509 2021 enim
540 1963 607 2020 libri
626 1965 681 2021 hoo
707 1963 769 2020 loco
795 1967 847 2020 aut
866 1964 997 2022 lacunam
1017 1964 1160 2036 praebent
1189 1970 1240 2023 aut
1259 1966 1428 2038 interpolati

313 2065 380 2118 sunt
400 2060 430 2117 in
449 2059 527 2118 huno
547 2061 666 2118 modurn
694 2060 777 2131 „quis
796 2061 871 2118 enirn
892 2077 949 2119 non
968 2060 1073 2119 uiderit
1093 2061 1194 2122 illud“.
1236 2063 1317 2132 Quod
1337 2063 1430 2135 igitur

315 2156 421 2216 Murro
443 2161 580 2229 exoptata
610 2157 661 2215 illa
680 2174 814 2216 versuum
834 2157 1009 2217 incrementa
1029 2159 1084 2217 soli
1104 2159 1127 2219 (l
1147 2159 1244 2218 deberi
1264 2159 1343 2230 dicit,
1374 2175 1427 2218 nos

312 2253 434 2311 meliora
455 2253 551 2312 edocti
564 2253 763 2312 Stabuleusem
783 2270 895 2326 quoque
915 2257 1109 2314 membranam
1129 2256 1206 2314 illius
1220 2257 1336 2314 virtutis
1356 2273 1428 2328 par-

316 2349 435 2422 ticipem
456 2365 517 2409 esse
538 2350 728 2423 cognovimus.
769 2351 848 2410 Idem
867 2352 1006 2410 librorum
1019 2351 1064 2411 OS
1085 2369 1137 2426 per
1150 2356 1242 2410 totum
1259 2353 1347 2425 ipsius
1367 2369 1429 2410 car-

313 2445 397 2505 minis
417 2451 530 2505 textum
552 2447 790 2506 animadvertitur
815 2465 979 2508 cousensus:
1011 2449 1107 2507 omnia
1128 2449 1215 2521 enim,
1248 2454 1278 2506 et
1297 2454 1378 2508 reeta
1398 2455 1455 2520 ot¹

314 2542 396 2612 falsa,
417 2545 532 2616 utrique
551 2545 624 2604 libro
645 2545 707 2604 iere
727 2547 831 2618 ubique
850 2548 1010 2606 communia
1024 2565 1085 2607 esse
1105 2548 1164 2606 sive
1185 2547 1428 2632 consentientibus

313 2643 416 2702 ceteris
458 2643 540 2702 libris
581 2643 641 2702 sive
675 2644 907 2704 dissentientibus
948 2662 1012 2702 cum
1051 2649 1097 2704 sat
1136 2639 1282 2721 luculente
1324 2645 1426 2704 doceat

312 2755 498 2811 unaquaeque
531 2740 745 2799 Baehrontiuae
777 2741 912 2799 editionis
945 2741 1064 2814 pagina,
1099 2743 1230 2815 exemplo
1260 2735 1427 2803 enumerare

312 2835 398 2896 facile
418 2837 598 2909 supersedeo.

398 2932 456 2992 Sed
474 2950 543 2992 cave
557 2934 658 2992 credas
670 2950 816 3006 prorsus
830 2934 949 2992 eandem
963 2949 1025 2992 esse
1038 2933 1177 2992 librorum
1191 2933 1230 2992 OS
1244 2936 1424 2994 memoriam:

316 3046 414 3088 versus
435 3031 475 3088 40
496 3030 539 3088 nil
558 3030 613 3089 nisi
637 3034 795 3100 „armare“,
817 3046 913 3114 versus
935 3031 972 3088 80
992 3030 1035 3087 nil
1054 3029 1110 3089 nisi
1129 3031 1223 3102 prima
1243 3032 1343 3091 litters
1370 3034 1425 3101 „h“

317 3131 413 3185 exstat
432 3127 463 3184 in
482 3126 515 3185 S:
548 3127 643 3186 haesit
666 3127 787 3187 fortasse
807 3126 901 3186 scriba
930 3127 960 3185 iu
979 3144 1049 3185 uoce
1082 3127 1224 3200 „Tityon“
1257 3135 1287 3188 et
1307 3129 1343 3189 ob
1364 3147 1428 3189 eam

318 3239 431 3282 oausam
451 3227 512 3282 toto
533 3240 618 3282 vomu
631 3224 662 3282 in
682 3225 777 3298 spatio
798 3241 888 3282 vacuo
908 3224 1010 3283 omisso
1031 3224 1092 3284 sine
1112 3241 1195 3284 mora
1208 3226 1244 3284 ad
1264 3233 1429 3299 sequentem

316 3335 426 3379 vorsum
449 3321 624 3393 properavit
666 3321 776 3380 Versus
797 3323 856 3381 294
887 3322 918 3380 in
938 3322 957 3380 S
977 3322 1093 3380 initium
1116 3325 1312 3384 tantummodo
1334 3331 1429 3385 exstat

320 3431 403 3485 „nam
421 3417 514 3475 veluti
534 3421 635 3475 sonat“
657 3417 767 3489 reliquo
786 3434 879 3491 versu,
901 3420 950 3494 qui
970 3419 999 3476 in
1019 3419 1041 3478 G
1062 3420 1164 3479 misere
1185 3422 1335 3496 claudicat,
1357 3423 1427 3480 item

319 3513 432 3572 omisso.
473 3514 580 3572 Versus
601 3515 639 3573 28
659 3515 689 3572 in
710 3515 730 3573 S
751 3531 820 3573 voce
844 3520 957 3584 „mens“
980 3515 1092 3575 finitur:
1125 3520 1215 3576 verba
1239 3518 1314 3576 euim
1345 3535 1427 3590 „car-

318 3610 402 3668 minis
421 3610 493 3668 baso
519 3604 579 3668 est“
603 3611 687 3682 plano
708 3610 817 3670 desunt.
858 3610 968 3671 Versus
989 3614 1045 3672 281
1068 3614 1202 3674 omissum
1226 3620 1271 3675 est
1289 3617 1319 3674 in
1340 3617 1360 3675 S
1380 3633 1427 3675 ex·

317 3711 442 3768 tremum
461 3706 638 3765 vocabulum.
679 3706 786 3766 Versus
813 3709 869 3765 118
891 3713 921 3766 et
948 3711 1003 3767 119
1025 3711 1055 3767 in
1075 3709 1097 3769 S
1116 3712 1227 3771 scribae
1247 3713 1428 3786 neglegentia

316 3800 349 3858 in
369 3817 457 3858 unum
476 3815 590 3858 versum
610 3802 751 3860 contracti
770 3803 903 3875 leguntur

319 3913 399 3966 „esse
425 3897 503 3954 sinus
523 3897 649 3969 penitus,
681 3902 764 3958 tanto
777 3897 781 3968 l
795 3897 799 3967 l
811 3917 842 3959 se
861 3917 992 3975 mergere
1012 3903 1126 3961 hiatu“:
1158 3903 1364 3963 aberraverunt
1384 3905 1425 3962 ni-

316 3993 420 4050 mirum
450 3993 560 4050 scribae
592 3994 668 4052 oculi
688 4011 810 4054 eversu
842 3999 898 4057 118
930 3999 968 4057 sd
989 4003 1156 4072 sequentum
1176 4015 1289 4058 versum
1309 4005 1426 4074 propter

316 4086 530 4148 similitudinem
542 4089 697 4168 uerborum
721 4100 906 4167 „emergere“
929 4101 960 4154 ot
982 4113 1029 4166 „se
1049 4100 1206 4169 mergeret
1240 4097 1344 4156 Paucis
1363 4097 1425 4168 qui-

316 4183 434 4243 busdam
464 4185 535 4244 locis
565 4187 596 4244 in
626 4204 661 4245 eo
691 4190 766 4248 iuter
786 4207 816 4250 se
837 4191 971 4251 differunt
992 4192 1034 4250 OS
1054 4192 1131 4264 libri,
1164 4192 1239 4264 quod
1270 4193 1301 4250 in
1333 4194 1425 4251 altera
