3108 5202
716 517 932 650 ..16-

271 776 317 845 „in
336 775 418 835 ¹lovis
438 781 581 832 errantem
601 791 689 848 regno
710 775 877 847 perquirere
897 774 1023 839 velle“‚
1056 774 1132 847 quod
1152 791 1205 846 per
1225 791 1255 833 se
1281 773 1381 833 itidem

268 869 339 929 ferri
358 877 461 945 potest,
483 889 548 930 nam
569 872 753 945 perquirendi
773 872 894 929 verbum
914 872 1046 930 absolute
1066 872 1115 930 hic
1134 872 1195 936 illic
1214 877 1383 944 usurpatum

271 984 333 1026 esse
354 985 372 1025 a
391 968 527 1026 Romanis
548 970 627 1026 nullo
647 969 760 1042 negotio
781 969 836 1026 tibi
858 969 996 1041 exemplis
1017 967 1181 1040 firmabunt,
1211 969 1267 1041 ‚qui
1286 974 1384 1041 partes

270 1069 390 1122 tuentur
410 1063 667 1139 cantabrigiensis,
688 1067 794 1124 Munro
816 1083 839 1125 e.
863 1083 918 1138 gu,
939 1066 988 1137 qui
1007 1064 1275 1138 Cantabrigiensem
1301 1066 1385 1124 ‘sicut

269 1177 364 1220 sacros
390 1166 532 1220 vetustate
563 1163 652 1221 lucos’
687 1161 747 1221 fere
772 1163 874 1221 adorat
907 1177 958 1220 nec
985 1178 1041 1219 non
1066 1162 1121 1219 hoc
1145 1162 1209 1220 loco
1231 1161 1384 1234 Gyraldini

268 1258 339 1316 illud
364 1258 479 1327 „divos“
501 1259 624 1318 reiciens
645 1258 911 1331 cantabrigiensem
931 1259 1069 1330 sequitur,
1090 1275 1155 1316 nam
1179 1260 1245 1330 „the
1266 1259 1387 1332 reading

269 1355 303 1412 of
321 1357 336 1431 β
357 1354 390 1430 (i.
411 1371 436 1412 e.
459 1353 622 1430 Gyraldini)
653 1359 728 1412 must
759 1355 795 1413 be
815 1354 1028 1427 interpolated.’
1068 1355 1130 1412 Iam
1162 1355 1254 1426 igitur
1278 1355 1385 1414 fortius

269 1451 452 1524 pugnandum
483 1455 536 1510 est.
578 1450 670 1509 Petita
695 1456 848 1523 postquam
874 1451 962 1508 verba
986 1451 1057 1509 fecit
1081 1451 1116 1508 de
1142 1452 1215 1509 caeli
1234 1453 1387 1520 meatibus,

269 1564 389 1620 quorum
411 1547 535 1620 cognitio
558 1564 592 1605 ac
617 1552 762 1618 tamquam
787 1547 978 1619 perscrutatio
1013 1547 1128 1615 „divina
1158 1553 1203 1606 est
1233 1550 1321 1607 animi
1350 1567 1385 1608 ac
1475 1561 1480 1571 “

269 1645 393 1702 iucunda
427 1646 593 1717 voluptas“,
628 1645 723 1718 pergit
756 1645 825 1714 „sed
857 1645 939 1717 prior
974 1645 1062 1702 hanc
1096 1645 1202 1702 homini
1238 1664 1307 1705 cura
1340 1653 1389 1706 est

270 1756 439 1812 cognoscere
470 1746 578 1798 terram
611 1740 786 1816 (emendatio
824 1741 931 1810 „hanc“
960 1757 1023 1799 mea
1054 1741 1110 1816 est)
1132 1757 1261 1814 quaeque
1281 1744 1311 1800 in
1343 1760 1384 1802 ea

269 1838 399 1896 miranda
419 1839 487 1896 tulit
507 1844 612 1897 natura
633 1843 762 1896 notare.“
805 1839 849 1897 Ac
862 1839 985 1911 primum
1006 1838 1119 1908 quidem
1139 1844 1245 1910 utrum,
1267 1857 1381 1911 quaeso,

270 1934 363 2006 primo
384 1934 486 1993 obtutu
511 1935 663 2008 genuinam
684 1935 825 2007 originem
845 1936 934 2007 magis
954 1935 1067 1993 redolet
1086 1936 1141 1994 hoc
1160 1937 1236 2008 loco,
1272 1937 1380 2006 „velle“

270 2047 306 2090 an
330 2031 468 2102 „divos“?
510 2031 596 2091 Certe
620 2033 744 2101 „divos“.
787 2032 861 2102 Quid
876 2033 949 2091 enim
964 2033 1082 2104 gravius
1096 2034 1224 2105 magisve
1238 2033 1383 2104 poeticum

269 2128 415 2186 locutione
438 2129 622 2200 „perquirere
643 2126 762 2186 divos“?
802 2127 858 2186 Est
877 2129 1026 2200 aptissime
1045 2129 1170 2201 positum
1190 2136 1288 2189 nostro
1308 2131 1381 2203 loco,

271 2224 307 2282 cf.
330 2225 430 2282 Manil.
452 2224 505 2295 IV,
527 2226 585 2283 908
608 2225 651 2283 ed.
666 2224 772 2283 Jacob:
796 2229 895 2282 contra
915 2225 992 2283 istud
1009 2226 1117 2294 „velle“
1138 2226 1299 2299 languidius
1320 2243 1387 2286 esse

269 2337 354 2393 quam
374 2323 497 2379 alterum
516 2322 589 2380 illud
609 2320 695 2380 facile
716 2323 862 2381 concedes.
904 2321 961 2380 Sed
980 2322 1038 2380 iam
1059 2323 1165 2394 dicam,
1191 2323 1266 2381 unde
1287 2329 1382 2381 ortum

270 2433 332 2476 esse
358 2418 472 2476 credam
492 2417 661 2476 vocabulum
694 2419 814 2488 „vellet
855 2417 902 2477 Ac
921 2419 1048 2477 Jacobus
1078 2419 1191 2491 quidem
1222 2419 1387 2492 suspicatur

270 2515 446 2587 adscriptum
465 2531 527 2574 esse
540 2515 617 2587 olim,
639 2520 672 2572 ut
685 2516 801 2587 quinam
814 2516 997 2589 intellegendi
1011 2520 1107 2574 essent
1130 2516 1234 2588 „divi“,
1257 2516 1383 2574 dilucide

270 2617 436 2684 appareret,
457 2612 600 2684 glossema
624 2612 743 2681 „stelle“
771 2613 788 2668 i.
817 2629 840 2670 e.
867 2612 1018 2684 „stellae“,
1050 2612 1125 2683 qnod
1146 2612 1249 2670 deinde
1279 2613 1388 2671 abiisse

270 2708 326 2767 sibi
345 2709 489 2780 persuasit
501 2708 630 2768 Jacobus
650 2709 681 2766 in
702 2708 898 2781 corruptelam
915 2708 1033 2778 „velle“.
1075 2709 1141 2768 Non
1155 2710 1308 2768 assentior:
1331 2705 1403 2768 our¹

272 2806 345 2863 enim
366 2821 423 2862 non
441 2805 648 2877 interpretatus
669 2811 712 2864 est
731 2809 833 2864 auctor
853 2805 1032 2878 glossematis
1052 2821 1105 2877 per
1136 2807 1255 2864 eundem
1286 2822 1382 2864 casum

166 2922 169 2927 ·
272 2903 467 2960 accusativum
496 2903 648 2972 „stellas“'l
689 2902 746 2961 Sed
777 2903 889 2960 omnino
915 2903 1077 2961 reiectanea
1102 2903 1202 2962 Jacobi
1231 2905 1385 2966 sententia.

272 2998 348 3058 Mihi
390 3004 486 3057 autem
525 3000 609 3072 longe
644 2999 728 3058 aliter
762 2998 834 3057 illud
876 3000 982 3070 „velle“
1021 2999 1220 3071 explicandum
1259 3001 1382 3060 videtur.

271 3097 466 3169 Interpolator
485 3098 558 3155 haec
577 3096 638 3156 iere
662 3112 758 3155 secum
783 3097 932 3170 cogitavit:
969 3097 1132 3167 „Quomodo
1152 3097 1266 3155 undem
1286 3104 1389 3170 potest·

272 3194 374 3266 aliquis
394 3210 427 3251 re
452 3210 521 3252 vere
546 3195 576 3252 in
607 3195 686 3253 caelo
714 3210 811 3252 errare
835 3198 865 3252 et
889 3194 971 3252 divos
994 3193 1179 3266 perquirere?
1221 3195 1292 3252 Tele
1316 3196 1385 3265 quid

271 3295 367 3363 potest
379 3292 474 3349 velle
488 3292 593 3363 aliquis
605 3292 811 3358 tantummodo,
834 3291 987 3350 temeraria
1000 3296 1094 3349 menta
1107 3292 1188 3362 valle,
1210 3291 1253 3348 nil
1263 3292 1384 3364 amplius

272 3419 310 3428 -
331 3387 429 3447 invitis
448 3387 535 3446 Disl“
578 3389 652 3446 Tum
672 3404 739 3446 vero
761 3389 822 3446 sine
841 3403 923 3445 mora
942 3387 1059 3447 verbum
1088 3377 1197 3456 „vell’e“
1223 3389 1319 3446 versui
1339 3389 1387 3445 in-

272 3485 397 3542 culcavit
417 3484 509 3543 eiecto
530 3485 605 3554 quod
626 3484 784 3544 desiderari
804 3488 901 3557 posset
920 3483 1057 3541 vocabulo
1080 3484 1207 3552 „divos“.
1247 3485 1383 3544 Fortasse

272 3580 358 3639 etiam
379 3581 446 3639 inde
467 3587 532 3640 orta
551 3587 596 3640 est
616 3581 831 3654 interpolatoris
856 3596 916 3651 ars,
943 3579 1019 3650 quod
1040 3581 1191 3652 archetypi
1211 3598 1309 3654 margo
1328 3583 1390 3640 hoc·

271 3681 335 3739 loco
356 3695 440 3752 aegre
461 3679 612 3751 legebatur
630 3680 677 3737 vel
698 3679 786 3736 etiam
806 3677 947 3735 abscissus
967 3676 1025 3734 fuit
1044 3678 1091 3734 vel
1111 3678 1204 3737 simile
1219 3678 1295 3750 quid.
1326 3676 1383 3736 Sed

272 3777 400 3849 quaestio
435 3777 559 3834 nondum
594 3778 639 3834 est
671 3773 811 3834 absoluta.
862 3773 939 3832 Ecce
974 3775 1049 3832 enim
1081 3775 1254 3848 praecedens
1284 3790 1391 3834 versus·

272 3875 392 3933 eundem
411 3872 649 3945 interpolatorem
669 3870 763 3942 magis
783 3871 870 3928 etiam
891 3875 1025 3942 expertus
1046 3876 1089 3930 est
1110 3887 1194 3942 quam
1214 3871 1248 3942 is,
1271 3871 1306 3929 de
1327 3887 1393 3943 quo

271 3972 356 4030 modo
386 3971 516 4028 vidimus.
558 3968 592 4026 In
615 3967 773 4039 Gyraldino
805 3967 982 4040 perscriptus
1012 3967 1068 4025 luit
1096 3968 1126 4023 in
1157 3967 1232 4024 hunc
1253 3968 1389 4026 modum:v

275 4084 357 4139 „nam
382 4083 455 4138 quae
486 4065 601 4122 mortali
631 4065 763 4135 cuiquam
788 4069 831 4122 est
862 4064 987 4123 amentia
1020 4065 1138 4122 maior“.
1180 4063 1261 4122 Haec
1283 4080 1391 4124 versus·

272 4166 365 4226 forma
386 4164 536 4222 sanissima
556 4166 599 4220 est
619 4161 758 4234 profecto,
781 4168 815 4220 ut
828 4162 923 4220 sanior
936 4177 991 4219 non
1013 4161 1105 4233 possit
1118 4160 1239 4232 cogitari
1258 4161 1380 4218 omnino.

272 4261 464 4324 Nihilominus
500 4259 629 4317 nonnulli
654 4258 765 4317 Aetnae
799 4260 935 4331 editores,
970 4259 1046 4316 inter
1080 4273 1151 4329 quos
1175 4257 1318 4329 Hauptius
1352 4262 1381 4315 et
