<?xml version="1.0" encoding="UTF-8"?>
<!DOCTYPE html PUBLIC "-//W3C//DTD XHTML 1.0 Transitional//EN"
    "http://www.w3.org/TR/xhtml1/DTD/xhtml1-transitional.dtd">
<html xmlns="http://www.w3.org/1999/xhtml" xml:lang="en" lang="en">
 <head>
  <title>
</title>
<meta http-equiv="Content-Type" content="text/html;charset=utf-8" />
  <meta name='ocr-system' content='tesseract 3.04.00' />
  <meta name='ocr-capabilities' content='ocr_page ocr_carea ocr_par ocr_line ocrx_word'/>
</head>
<body>
  <div class='ocr_page' id='page_1' title='image "./deaetnapoemateq00waglgoog_0057.png"; bbox 0 0 3108 5202; ppageno 0'>
   <div class='ocr_carea' id='block_1_1' title="bbox 762 595 979 659">
    <p class='ocr_par' dir='ltr' id='par_1_1' title="bbox 762 595 979 659">
     <span class='ocr_line' id='line_1_1' title="bbox 762 595 979 659; baseline -0.005 -18"><span class='ocrx_word' id='word_1_1' title='bbox 762 595 979 659; x_wconf 79' lang='lat'><strong>..50-</strong></span> 
     </span>
    </p>
   </div>
   <div class='ocr_carea' id='block_1_2' title="bbox 215 807 1432 3220">
    <p class='ocr_par' dir='ltr' id='par_1_2' title="bbox 215 807 1432 3220">
     <span class='ocr_line' id='line_1_2' title="bbox 315 807 1422 883; baseline 0 -15"><span class='ocrx_word' id='word_1_2' title='bbox 315 814 377 868; x_wconf 91' lang='lat' dir='ltr'><strong>tate</strong></span> <span class='ocrx_word' id='word_1_3' title='bbox 384 809 415 883; x_wconf 85' lang='lat'><strong>¹),</strong></span> <span class='ocrx_word' id='word_1_4' title='bbox 438 810 557 869; x_wconf 89' lang='lat' dir='ltr'><strong>ornandi</strong></span> <span class='ocrx_word' id='word_1_5' title='bbox 578 827 664 870; x_wconf 87' lang='lat' dir='ltr'><strong>causa</strong></span> <span class='ocrx_word' id='word_1_6' title='bbox 685 810 849 882; x_wconf 83' lang='lat' dir='ltr'><strong>adiungere,</strong></span> <span class='ocrx_word' id='word_1_7' title='bbox 872 825 945 879; x_wconf 91' lang='lat' dir='ltr'><strong>quae</strong></span> <span class='ocrx_word' id='word_1_8' title='bbox 966 809 1053 866; x_wconf 89' lang='lat' dir='ltr'><strong>habet</strong></span> <span class='ocrx_word' id='word_1_9' title='bbox 1072 807 1180 866; x_wconf 78' lang='lat' dir='ltr'>Seneca</span> <span class='ocrx_word' id='word_1_10' title='bbox 1200 809 1235 867; x_wconf 93' lang='lat' dir='ltr'><strong>de</strong></span> <span class='ocrx_word' id='word_1_11' title='bbox 1254 808 1347 868; x_wconf 83' lang='lat' dir='ltr'><strong>benai.</strong></span> <span class='ocrx_word' id='word_1_12' title='bbox 1368 809 1422 882; x_wconf 77' lang='lat'><strong>111,</strong></span> 
     </span>
     <span class='ocr_line' id='line_1_3' title="bbox 317 905 1425 981; baseline 0.001 -16"><span class='ocrx_word' id='word_1_13' title='bbox 317 909 364 981; x_wconf 82' lang='lat'><strong>37,</strong></span> <span class='ocrx_word' id='word_1_14' title='bbox 386 907 419 975; x_wconf 76' lang='grc'><strong>2,</strong></span> <span class='ocrx_word' id='word_1_15' title='bbox 452 905 510 966; x_wconf 87' lang='lat' dir='ltr'><strong>non</strong></span> <span class='ocrx_word' id='word_1_16' title='bbox 530 909 620 967; x_wconf 90' lang='lat' dir='ltr'><strong>minus</strong></span> <span class='ocrx_word' id='word_1_17' title='bbox 641 925 705 965; x_wconf 92' lang='lat' dir='ltr'><strong>eum</strong></span> <span class='ocrx_word' id='word_1_18' title='bbox 727 911 931 966; x_wconf 80' lang='lat' dir='ltr'><strong>commonuisse</strong></span> <span class='ocrx_word' id='word_1_19' title='bbox 952 907 1046 979; x_wconf 86' lang='lat' dir='ltr'><strong>credo,</strong></span> <span class='ocrx_word' id='word_1_20' title='bbox 1067 922 1152 977; x_wconf 90' lang='lat' dir='ltr'><strong>quam</strong></span> <span class='ocrx_word' id='word_1_21' title='bbox 1173 907 1299 966; x_wconf 87' lang='lat' dir='ltr'><strong>Graecos</strong></span> <span class='ocrx_word' id='word_1_22' title='bbox 1319 908 1425 966; x_wconf 89' lang='lat' dir='ltr'><strong>fontes.</strong></span> 
     </span>
     <span class='ocr_line' id='line_1_4' title="bbox 315 1004 1424 1078; baseline -0.001 -15"><span class='ocrx_word' id='word_1_23' title='bbox 315 1038 353 1050; x_wconf 90' lang='lat'>-</span> <span class='ocrx_word' id='word_1_24' title='bbox 374 1005 556 1064; x_wconf 87' lang='lat' dir='ltr'><strong>Dissentiunt</strong></span> <span class='ocrx_word' id='word_1_25' title='bbox 579 1006 635 1062; x_wconf 85' lang='lat' dir='ltr'><strong>riri</strong></span> <span class='ocrx_word' id='word_1_26' title='bbox 660 1005 751 1076; x_wconf 91' lang='lat' dir='ltr'><strong>docti,</strong></span> <span class='ocrx_word' id='word_1_27' title='bbox 777 1004 902 1063; x_wconf 90' lang='lat' dir='ltr'><strong>fueritne</strong></span> <span class='ocrx_word' id='word_1_28' title='bbox 922 1004 1035 1063; x_wconf 87' lang='lat' dir='ltr'><strong>Aetnae</strong></span> <span class='ocrx_word' id='word_1_29' title='bbox 1055 1008 1142 1078; x_wconf 73' lang='lat' dir='ltr'><strong>potta</strong></span> <span class='ocrx_word' id='word_1_30' title='bbox 1162 1004 1275 1064; x_wconf 90' lang='lat' dir='ltr'><strong>Stoicus</strong></span> <span class='ocrx_word' id='word_1_31' title='bbox 1295 1022 1332 1064; x_wconf 93' lang='lat' dir='ltr'><strong>an</strong></span> <span class='ocrx_word' id='word_1_32' title='bbox 1353 1005 1424 1078; x_wconf 81' lang='lat' dir='ltr'><strong>Epi-</strong></span> 
     </span>
     <span class='ocr_line' id='line_1_5' title="bbox 215 1077 1426 1201; baseline 0 -41"><span class='ocrx_word' id='word_1_33' title='bbox 215 1077 260 1201; x_wconf 58' lang='lat' dir='ltr'><strong>s,</strong></span> <span class='ocrx_word' id='word_1_34' title='bbox 305 1105 424 1186; x_wconf 19' lang='lat' dir='ltr'><strong>Acoreus,</strong></span> <span class='ocrx_word' id='word_1_35' title='bbox 447 1116 519 1174; x_wconf 89' lang='lat' dir='ltr'><strong>quae</strong></span> <span class='ocrx_word' id='word_1_36' title='bbox 539 1102 609 1160; x_wconf 82' lang='lat' dir='ltr'><strong>mini</strong></span> <span class='ocrx_word' id='word_1_37' title='bbox 629 1102 751 1161; x_wconf 81' lang='lat' dir='ltr'><strong>videtur·</strong></span> <span class='ocrx_word' id='word_1_38' title='bbox 762 1102 889 1173; x_wconf 87' lang='lat' dir='ltr'><strong>quaestio</strong></span> <span class='ocrx_word' id='word_1_39' title='bbox 911 1118 1012 1173; x_wconf 88' lang='lat' dir='ltr'><strong>parum</strong></span> <span class='ocrx_word' id='word_1_40' title='bbox 1026 1101 1136 1160; x_wconf 81' lang='lat' dir='ltr'><strong>utiliter</strong></span> <span class='ocrx_word' id='word_1_41' title='bbox 1149 1103 1263 1160; x_wconf 89' lang='lat' dir='ltr'><strong>moveri.</strong></span> <span class='ocrx_word' id='word_1_42' title='bbox 1297 1102 1426 1160; x_wconf 88' lang='lat' dir='ltr'><strong>Primum</strong></span> 
     </span>
     <span class='ocr_line' id='line_1_6' title="bbox 250 1195 1426 1302; baseline 0 -45"><span class='ocrx_word' id='word_1_43' title='bbox 250 1212 257 1302; x_wconf 56' lang='grc' dir='ltr'><em>ἱ</em></span> <span class='ocrx_word' id='word_1_44' title='bbox 315 1200 391 1258; x_wconf 89' lang='lat' dir='ltr'><strong>enim</strong></span> <span class='ocrx_word' id='word_1_45' title='bbox 411 1199 473 1273; x_wconf 93' lang='lat' dir='ltr'><strong>ipso</strong></span> <span class='ocrx_word' id='word_1_46' title='bbox 492 1195 625 1258; x_wconf 79' lang='lat' dir='ltr'><strong>&#39;Aetnaeo</strong></span> <span class='ocrx_word' id='word_1_47' title='bbox 648 1200 788 1272; x_wconf 81' lang='lat' dir='ltr'><strong>carmine,</strong></span> <span class='ocrx_word' id='word_1_48' title='bbox 811 1198 895 1272; x_wconf 90' lang='lat' dir='ltr'><strong>quale</strong></span> <span class='ocrx_word' id='word_1_49' title='bbox 916 1204 1061 1258; x_wconf 80' lang='lat' dir='ltr'><strong>&#39;servatum</strong></span> <span class='ocrx_word' id='word_1_50' title='bbox 1081 1204 1132 1272; x_wconf 86' lang='lat' dir='ltr'><strong>est,</strong></span> <span class='ocrx_word' id='word_1_51' title='bbox 1148 1204 1288 1258; x_wconf 85' lang='lat' dir='ltr'><strong>neutrum</strong></span> <span class='ocrx_word' id='word_1_52' title='bbox 1309 1200 1426 1258; x_wconf 89' lang='lat' dir='ltr'><strong>demon-</strong></span> 
     </span>
     <span class='ocr_line' id='line_1_7' title="bbox 315 1297 1426 1371; baseline 0.002 -16"><span class='ocrx_word' id='word_1_53' title='bbox 315 1303 438 1356; x_wconf 88' lang='lat' dir='ltr'><strong>stratur:</strong></span> <span class='ocrx_word' id='word_1_54' title='bbox 471 1313 535 1355; x_wconf 91' lang='lat' dir='ltr'><strong>nam</strong></span> <span class='ocrx_word' id='word_1_55' title='bbox 566 1313 638 1368; x_wconf 87' lang='lat' dir='ltr'><strong>quaa</strong></span> <span class='ocrx_word' id='word_1_56' title='bbox 668 1298 742 1355; x_wconf 89' lang='lat' dir='ltr'><strong>hanc</strong></span> <span class='ocrx_word' id='word_1_57' title='bbox 769 1299 963 1369; x_wconf 90' lang='lat' dir='ltr'><strong>quaestionem</strong></span> <span class='ocrx_word' id='word_1_58' title='bbox 984 1297 1130 1369; x_wconf 79' lang='lat' dir='ltr'><strong>tangentia</strong></span> <span class='ocrx_word' id='word_1_59' title='bbox 1149 1297 1289 1370; x_wconf 81' lang='lat' dir='ltr'><strong>leguntur</strong></span> <span class='ocrx_word' id='word_1_60' title='bbox 1308 1297 1338 1354; x_wconf 89' lang='lat' dir='ltr'><strong>in</strong></span> <span class='ocrx_word' id='word_1_61' title='bbox 1358 1304 1426 1371; x_wconf 82' lang='lat' dir='ltr'><strong>poe-</strong></span> 
     </span>
     <span class='ocr_line' id='line_1_8' title="bbox 315 1392 1425 1467; baseline -0.001 -15"><span class='ocrx_word' id='word_1_62' title='bbox 315 1394 417 1462; x_wconf 85' lang='lat' dir='ltr'><strong>matia,</strong></span> <span class='ocrx_word' id='word_1_63' title='bbox 448 1399 508 1452; x_wconf 90' lang='lat' dir='ltr'><strong>tam</strong></span> <span class='ocrx_word' id='word_1_64' title='bbox 527 1411 620 1467; x_wconf 90' lang='lat' dir='ltr'><strong>pauca</strong></span> <span class='ocrx_word' id='word_1_65' title='bbox 641 1399 706 1452; x_wconf 90' lang='lat' dir='ltr'><strong>sunt</strong></span> <span class='ocrx_word' id='word_1_66' title='bbox 726 1398 756 1452; x_wconf 93' lang='lat' dir='ltr'><strong>et</strong></span> <span class='ocrx_word' id='word_1_67' title='bbox 776 1399 836 1450; x_wconf 90' lang='lat' dir='ltr'><strong>tam</strong></span> <span class='ocrx_word' id='word_1_68' title='bbox 857 1392 996 1465; x_wconf 83' lang='lat' dir='ltr'><strong>ambigua,</strong></span> <span class='ocrx_word' id='word_1_69' title='bbox 1018 1397 1052 1449; x_wconf 92' lang='lat' dir='ltr'><strong>ut</strong></span> <span class='ocrx_word' id='word_1_70' title='bbox 1071 1392 1111 1450; x_wconf 93' lang='lat' dir='ltr'><strong>nil</strong></span> <span class='ocrx_word' id='word_1_71' title='bbox 1132 1409 1186 1464; x_wconf 83' lang='lat' dir='ltr'><strong>ego</strong></span> <span class='ocrx_word' id='word_1_72' title='bbox 1209 1394 1282 1452; x_wconf 88' lang='lat' dir='ltr'><strong>certi</strong></span> <span class='ocrx_word' id='word_1_73' title='bbox 1304 1393 1425 1465; x_wconf 88' lang='lat' dir='ltr'><strong>amplius</strong></span> 
     </span>
     <span class='ocr_line' id='line_1_9' title="bbox 314 1490 1425 1563; baseline -0.003 -12"><span class='ocrx_word' id='word_1_74' title='bbox 314 1492 381 1551; x_wconf 92' lang='lat' dir='ltr'><strong>inde</strong></span> <span class='ocrx_word' id='word_1_75' title='bbox 402 1492 493 1550; x_wconf 88' lang='lat' dir='ltr'><strong>ausim</strong></span> <span class='ocrx_word' id='word_1_76' title='bbox 513 1491 688 1563; x_wconf 81' lang='lat' dir='ltr'><strong>concludere,</strong></span> <span class='ocrx_word' id='word_1_77' title='bbox 711 1507 776 1548; x_wconf 91' lang='lat' dir='ltr'><strong>cum</strong></span> <span class='ocrx_word' id='word_1_78' title='bbox 795 1491 963 1563; x_wconf 89' lang='lat' dir='ltr'><strong>pracsertim</strong></span> <span class='ocrx_word' id='word_1_79' title='bbox 983 1490 1063 1549; x_wconf 52' lang='lat' dir='ltr'><strong>haud,</strong></span> <span class='ocrx_word' id='word_1_80' title='bbox 1078 1507 1184 1562; x_wconf 90' lang='lat' dir='ltr'><strong>paucas</strong></span> <span class='ocrx_word' id='word_1_81' title='bbox 1199 1491 1343 1549; x_wconf 91' lang='lat' dir='ltr'><strong>doctrinas</strong></span> <span class='ocrx_word' id='word_1_82' title='bbox 1357 1506 1425 1548; x_wconf 90' lang='lat' dir='ltr'><strong>con·</strong></span> 
     </span>
     <span class='ocr_line' id='line_1_10' title="bbox 316 1581 1426 1663; baseline -0.001 -14"><span class='ocrx_word' id='word_1_83' title='bbox 316 1594 373 1649; x_wconf 88' lang='lat' dir='ltr'><strong>stet</strong></span> <span class='ocrx_word' id='word_1_84' title='bbox 393 1581 554 1650; x_wconf 85' lang='lat' dir='ltr'><strong>communes</strong></span> <span class='ocrx_word' id='word_1_85' title='bbox 574 1589 661 1649; x_wconf 78' lang='lat' dir='ltr'><strong>fuisse</strong></span> <span class='ocrx_word' id='word_1_86' title='bbox 681 1590 786 1649; x_wconf 87' lang='lat' dir='ltr'><strong>Stoicis</strong></span> <span class='ocrx_word' id='word_1_87' title='bbox 806 1607 870 1648; x_wconf 89' lang='lat' dir='ltr'><strong>cum</strong></span> <span class='ocrx_word' id='word_1_88' title='bbox 890 1590 1050 1662; x_wconf 85' lang='lat' dir='ltr'><strong>Epicureis,</strong></span> <span class='ocrx_word' id='word_1_89' title='bbox 1072 1590 1148 1661; x_wconf 90' lang='lat' dir='ltr'><strong>quod</strong></span> <span class='ocrx_word' id='word_1_90' title='bbox 1169 1591 1283 1662; x_wconf 80' lang='lat' dir='ltr'><strong>egregie</strong></span> <span class='ocrx_word' id='word_1_91' title='bbox 1304 1594 1426 1663; x_wconf 89' lang='lat' dir='ltr'><strong>apparet</strong></span> 
     </span>
     <span class='ocr_line' id='line_1_11' title="bbox 315 1685 1425 1760; baseline 0.002 -16"><span class='ocrx_word' id='word_1_92' title='bbox 315 1703 353 1744; x_wconf 82' lang='lat' dir='ltr'><strong>ex</strong></span> <span class='ocrx_word' id='word_1_93' title='bbox 372 1685 570 1755; x_wconf 86' lang='lat' dir='ltr'><strong>similitudine,</strong></span> <span class='ocrx_word' id='word_1_94' title='bbox 595 1689 707 1758; x_wconf 89' lang='lat' dir='ltr'><strong>qualem</strong></span> <span class='ocrx_word' id='word_1_95' title='bbox 725 1689 804 1745; x_wconf 86' lang='lat' dir='ltr'><strong>inter</strong></span> <span class='ocrx_word' id='word_1_96' title='bbox 820 1686 946 1745; x_wconf 83' lang='lat' dir='ltr'><strong>Senecae</strong></span> <span class='ocrx_word' id='word_1_97' title='bbox 967 1690 996 1745; x_wconf 91' lang='lat' dir='ltr'><strong>et</strong></span> <span class='ocrx_word' id='word_1_98' title='bbox 1016 1687 1145 1744; x_wconf 90' lang='lat' dir='ltr'><strong>Lucretii</strong></span> <span class='ocrx_word' id='word_1_99' title='bbox 1166 1704 1252 1760; x_wconf 87' lang='lat' dir='ltr'><strong>opera</strong></span> <span class='ocrx_word' id='word_1_100' title='bbox 1272 1693 1318 1745; x_wconf 91' lang='lat' dir='ltr'><strong>sat</strong></span> <span class='ocrx_word' id='word_1_101' title='bbox 1338 1703 1425 1758; x_wconf 84' lang='lat' dir='ltr'><strong>saepe</strong></span> 
     </span>
     <span class='ocr_line' id='line_1_12' title="bbox 316 1783 1430 1866; baseline 0.001 -25"><span class='ocrx_word' id='word_1_102' title='bbox 316 1783 496 1842; x_wconf 85' lang='lat' dir='ltr'><strong>intercedere</strong></span> <span class='ocrx_word' id='word_1_103' title='bbox 517 1783 602 1842; x_wconf 85' lang='lat' dir='ltr'><strong>facile</strong></span> <span class='ocrx_word' id='word_1_104' title='bbox 622 1785 764 1866; x_wconf 74' lang='lat' dir='ltr'><strong>plurimae</strong></span> <span class='ocrx_word' id='word_1_105' title='bbox 784 1785 887 1842; x_wconf 86' lang='lat' dir='ltr'><strong>docent</strong></span> <span class='ocrx_word' id='word_1_106' title='bbox 907 1783 1036 1856; x_wconf 82' lang='lat' dir='ltr'><strong>paginae.</strong></span> <span class='ocrx_word' id='word_1_107' title='bbox 1067 1783 1108 1841; x_wconf 84' lang='lat' dir='ltr'><strong>Et</strong></span> <span class='ocrx_word' id='word_1_108' title='bbox 1125 1783 1339 1856; x_wconf 79' lang='lat' dir='ltr'><strong>quidtandem‘?</strong></span> <span class='ocrx_word' id='word_1_109' title='bbox 1359 1783 1430 1842; x_wconf 85' lang='lat' dir='ltr'><strong>Fuit</strong></span> 
     </span>
     <span class='ocr_line' id='line_1_13' title="bbox 317 1880 1429 1954; baseline -0.001 -15"><span class='ocrx_word' id='word_1_110' title='bbox 317 1885 395 1939; x_wconf 91' lang='lat' dir='ltr'><strong>certe</strong></span> <span class='ocrx_word' id='word_1_111' title='bbox 416 1881 529 1940; x_wconf 90' lang='lat' dir='ltr'><strong>Stoicus</strong></span> <span class='ocrx_word' id='word_1_112' title='bbox 543 1881 660 1949; x_wconf 88' lang='lat' dir='ltr'><strong>Seneca,</strong></span> <span class='ocrx_word' id='word_1_113' title='bbox 682 1882 736 1940; x_wconf 92' lang='lat' dir='ltr'><strong>boc</strong></span> <span class='ocrx_word' id='word_1_114' title='bbox 749 1899 806 1939; x_wconf 93' lang='lat' dir='ltr'><strong>non</strong></span> <span class='ocrx_word' id='word_1_115' title='bbox 820 1898 891 1954; x_wconf 82' lang='lat' dir='ltr'><strong>nego</strong></span> <span class='ocrx_word' id='word_1_116' title='bbox 906 1880 1043 1953; x_wconf 88' lang='lat' dir='ltr'><strong>profecto,</strong></span> <span class='ocrx_word' id='word_1_117' title='bbox 1065 1881 1114 1939; x_wconf 93' lang='lat' dir='ltr'><strong>sed</strong></span> <span class='ocrx_word' id='word_1_118' title='bbox 1134 1882 1165 1940; x_wconf 91' lang='lat' dir='ltr'><strong>in</strong></span> <span class='ocrx_word' id='word_1_119' title='bbox 1179 1883 1350 1940; x_wconf 84' lang='lat' dir='ltr'><strong>universum</strong></span> <span class='ocrx_word' id='word_1_120' title='bbox 1365 1887 1429 1939; x_wconf 87' lang='lat' dir='ltr'><strong>tan·</strong></span> 
     </span>
     <span class='ocr_line' id='line_1_14' title="bbox 316 1977 1427 2051; baseline 0.001 -17"><span class='ocrx_word' id='word_1_121' title='bbox 316 1977 474 2035; x_wconf 88' lang='lat' dir='ltr'><strong>tummodo:</strong></span> <span class='ocrx_word' id='word_1_122' title='bbox 495 1979 525 2036; x_wconf 94' lang='lat' dir='ltr'><strong>in</strong></span> <span class='ocrx_word' id='word_1_123' title='bbox 545 1979 664 2051; x_wconf 82' lang='lat' dir='ltr'><strong>singulis</strong></span> <span class='ocrx_word' id='word_1_124' title='bbox 683 1977 739 2037; x_wconf 89' lang='lat' dir='ltr'><strong>fuit</strong></span> <span class='ocrx_word' id='word_1_125' title='bbox 759 1978 918 2046; x_wconf 88' lang='lat' dir='ltr'><strong>eclecticus,</strong></span> <span class='ocrx_word' id='word_1_126' title='bbox 940 1979 989 2049; x_wconf 93' lang='lat' dir='ltr'><strong>qui</strong></span> <span class='ocrx_word' id='word_1_127' title='bbox 1008 1995 1088 2037; x_wconf 90' lang='lat' dir='ltr'><strong>suam</strong></span> <span class='ocrx_word' id='word_1_128' title='bbox 1102 1979 1158 2038; x_wconf 90' lang='lat' dir='ltr'><strong>sibi</strong></span> <span class='ocrx_word' id='word_1_129' title='bbox 1172 1995 1291 2051; x_wconf 89' lang='lat' dir='ltr'><strong>eamque</strong></span> <span class='ocrx_word' id='word_1_130' title='bbox 1304 1979 1427 2038; x_wconf 90' lang='lat' dir='ltr'><strong>liberam</strong></span> 
     </span>
     <span class='ocr_line' id='line_1_15' title="bbox 317 2075 1429 2149; baseline 0.003 -17"><span class='ocrx_word' id='word_1_131' title='bbox 317 2089 465 2132; x_wconf 88' lang='lat' dir='ltr'><strong>censuram</strong></span> <span class='ocrx_word' id='word_1_132' title='bbox 494 2089 592 2131; x_wconf 89' lang='lat' dir='ltr'><strong>rerum</strong></span> <span class='ocrx_word' id='word_1_133' title='bbox 616 2089 728 2146; x_wconf 89' lang='lat' dir='ltr'><strong>semper</strong></span> <span class='ocrx_word' id='word_1_134' title='bbox 755 2075 888 2132; x_wconf 87' lang='lat' dir='ltr'><strong>tuebatur</strong></span> <span class='ocrx_word' id='word_1_135' title='bbox 908 2078 993 2146; x_wconf 90' lang='lat' dir='ltr'><strong>atque</strong></span> <span class='ocrx_word' id='word_1_136' title='bbox 1014 2077 1161 2147; x_wconf 87' lang='lat' dir='ltr'><strong>servabat,</strong></span> <span class='ocrx_word' id='word_1_137' title='bbox 1193 2080 1225 2133; x_wconf 94' lang='lat' dir='ltr'><strong>ut</strong></span> <span class='ocrx_word' id='word_1_138' title='bbox 1244 2077 1306 2149; x_wconf 91' lang='lat' dir='ltr'><strong>ipss</strong></span> <span class='ocrx_word' id='word_1_139' title='bbox 1326 2083 1429 2149; x_wconf 86' lang='lat' dir='ltr'><strong>aperte</strong></span> 
     </span>
     <span class='ocr_line' id='line_1_16' title="bbox 318 2169 1430 2246; baseline 0.005 -20"><span class='ocrx_word' id='word_1_140' title='bbox 318 2169 420 2227; x_wconf 87' lang='lat' dir='ltr'><strong>effatur</strong></span> <span class='ocrx_word' id='word_1_141' title='bbox 450 2170 486 2228; x_wconf 91' lang='lat' dir='ltr'><strong>ad</strong></span> <span class='ocrx_word' id='word_1_142' title='bbox 508 2169 582 2228; x_wconf 88' lang='lat' dir='ltr'><strong>Gall.</strong></span> <span class='ocrx_word' id='word_1_143' title='bbox 616 2169 651 2228; x_wconf 90' lang='lat' dir='ltr'><strong>de</strong></span> <span class='ocrx_word' id='word_1_144' title='bbox 681 2171 743 2229; x_wconf 88' lang='lat' dir='ltr'><strong>vita</strong></span> <span class='ocrx_word' id='word_1_145' title='bbox 766 2171 853 2230; x_wconf 89' lang='lat' dir='ltr'><strong>beata</strong></span> <span class='ocrx_word' id='word_1_146' title='bbox 874 2173 901 2243; x_wconf 82' lang='lat'><strong>3,</strong></span> <span class='ocrx_word' id='word_1_147' title='bbox 923 2173 955 2230; x_wconf 80' lang='lat'><strong>2:</strong></span> <span class='ocrx_word' id='word_1_148' title='bbox 990 2173 1063 2242; x_wconf 80' lang='lat' dir='ltr'><strong>„Sed</strong></span> <span class='ocrx_word' id='word_1_149' title='bbox 1084 2189 1121 2231; x_wconf 91' lang='lat' dir='ltr'><strong>ne</strong></span> <span class='ocrx_word' id='word_1_150' title='bbox 1141 2178 1171 2232; x_wconf 92' lang='lat' dir='ltr'><strong>te</strong></span> <span class='ocrx_word' id='word_1_151' title='bbox 1191 2191 1244 2246; x_wconf 88' lang='lat' dir='ltr'><strong>per</strong></span> <span class='ocrx_word' id='word_1_152' title='bbox 1265 2175 1430 2232; x_wconf 84' lang='lat' dir='ltr'><strong>circumitus</strong></span> 
     </span>
     <span class='ocr_line' id='line_1_17' title="bbox 316 2266 1431 2342; baseline 0.005 -18"><span class='ocrx_word' id='word_1_153' title='bbox 316 2267 444 2340; x_wconf 90' lang='lat' dir='ltr'><strong>traham,</strong></span> <span class='ocrx_word' id='word_1_154' title='bbox 466 2268 589 2325; x_wconf 87' lang='lat' dir='ltr'><strong>aliorum</strong></span> <span class='ocrx_word' id='word_1_155' title='bbox 609 2266 724 2340; x_wconf 89' lang='lat' dir='ltr'><strong>quidem</strong></span> <span class='ocrx_word' id='word_1_156' title='bbox 744 2269 891 2342; x_wconf 81' lang='lat' dir='ltr'><strong>opiniones</strong></span> <span class='ocrx_word' id='word_1_157' title='bbox 910 2270 1085 2342; x_wconf 87' lang='lat' dir='ltr'><strong>praeteribo.</strong></span> <span class='ocrx_word' id='word_1_158' title='bbox 1117 2270 1192 2331; x_wconf 91' lang='lat' dir='ltr'><strong>Nam</strong></span> <span class='ocrx_word' id='word_1_159' title='bbox 1212 2275 1241 2329; x_wconf 89' lang='lat' dir='ltr'><strong>et</strong></span> <span class='ocrx_word' id='word_1_160' title='bbox 1262 2287 1431 2330; x_wconf 88' lang='lat' dir='ltr'><strong>enumerare</strong></span> 
     </span>
     <span class='ocr_line' id='line_1_18' title="bbox 317 2355 1429 2440; baseline 0.003 -18"><span class='ocrx_word' id='word_1_161' title='bbox 317 2365 383 2423; x_wconf 91' lang='lat' dir='ltr'><strong>illas</strong></span> <span class='ocrx_word' id='word_1_162' title='bbox 413 2355 528 2438; x_wconf 80' lang='lat' dir='ltr'><strong>longum</strong></span> <span class='ocrx_word' id='word_1_163' title='bbox 560 2370 604 2423; x_wconf 89' lang='lat' dir='ltr'><strong>est</strong></span> <span class='ocrx_word' id='word_1_164' title='bbox 623 2370 655 2423; x_wconf 87' lang='lat' dir='ltr'><strong>et</strong></span> <span class='ocrx_word' id='word_1_165' title='bbox 674 2382 845 2438; x_wconf 83' lang='lat' dir='ltr'><strong>coarguere:</strong></span> <span class='ocrx_word' id='word_1_166' title='bbox 882 2373 1008 2425; x_wconf 88' lang='lat' dir='ltr'><strong>nostram</strong></span> <span class='ocrx_word' id='word_1_167' title='bbox 1029 2368 1134 2440; x_wconf 88' lang='lat' dir='ltr'><strong>accipe.</strong></span> <span class='ocrx_word' id='word_1_168' title='bbox 1176 2367 1313 2426; x_wconf 87' lang='lat' dir='ltr'><strong>Nostram</strong></span> <span class='ocrx_word' id='word_1_169' title='bbox 1334 2372 1429 2427; x_wconf 92' lang='lat' dir='ltr'><strong>autem</strong></span> 
     </span>
     <span class='ocr_line' id='line_1_19' title="bbox 318 2462 1429 2538; baseline 0.006 -19"><span class='ocrx_word' id='word_1_170' title='bbox 318 2478 383 2519; x_wconf 92' lang='lat' dir='ltr'><strong>cum</strong></span> <span class='ocrx_word' id='word_1_171' title='bbox 403 2462 479 2534; x_wconf 90' lang='lat' dir='ltr'><strong>dico,</strong></span> <span class='ocrx_word' id='word_1_172' title='bbox 507 2478 564 2520; x_wconf 91' lang='lat' dir='ltr'><strong>non</strong></span> <span class='ocrx_word' id='word_1_173' title='bbox 584 2463 677 2534; x_wconf 83' lang='lat' dir='ltr'><strong>adligo</strong></span> <span class='ocrx_word' id='word_1_174' title='bbox 698 2480 745 2521; x_wconf 93' lang='lat' dir='ltr'><strong>me</strong></span> <span class='ocrx_word' id='word_1_175' title='bbox 764 2463 801 2522; x_wconf 91' lang='lat' dir='ltr'><strong>ad</strong></span> <span class='ocrx_word' id='word_1_176' title='bbox 821 2480 908 2521; x_wconf 91' lang='lat' dir='ltr'><strong>unum</strong></span> <span class='ocrx_word' id='word_1_177' title='bbox 928 2464 1052 2536; x_wconf 88' lang='lat' dir='ltr'><strong>aliquem</strong></span> <span class='ocrx_word' id='word_1_178' title='bbox 1072 2481 1108 2521; x_wconf 82' lang='lat' dir='ltr'><strong>er</strong></span> <span class='ocrx_word' id='word_1_179' title='bbox 1129 2465 1232 2523; x_wconf 88' lang='lat' dir='ltr'><strong>Stoicis</strong></span> <span class='ocrx_word' id='word_1_180' title='bbox 1252 2465 1429 2538; x_wconf 89' lang='lat' dir='ltr'><strong>proceribus.</strong></span> 
     </span>
     <span class='ocr_line' id='line_1_20' title="bbox 317 2559 1427 2634; baseline 0.005 -18"><span class='ocrx_word' id='word_1_181' title='bbox 317 2559 382 2619; x_wconf 80' lang='lat' dir='ltr'><strong>Est</strong></span> <span class='ocrx_word' id='word_1_182' title='bbox 402 2565 436 2618; x_wconf 89' lang='lat' dir='ltr'><strong>et</strong></span> <span class='ocrx_word' id='word_1_183' title='bbox 456 2560 540 2617; x_wconf 93' lang='lat' dir='ltr'><strong>mihi</strong></span> <span class='ocrx_word' id='word_1_184' title='bbox 560 2560 725 2618; x_wconf 90' lang='lat' dir='ltr'><strong>censendi</strong></span> <span class='ocrx_word' id='word_1_185' title='bbox 743 2560 798 2618; x_wconf 89' lang='lat' dir='ltr'><strong>ins</strong></span> <span class='ocrx_word' id='word_1_186' title='bbox 819 2577 843 2618; x_wconf 90' lang='lat' dir='ltr'><strong>e.</strong></span> <span class='ocrx_word' id='word_1_187' title='bbox 865 2577 892 2631; x_wconf 93' lang='lat' dir='ltr'><strong>q.</strong></span> <span class='ocrx_word' id='word_1_188' title='bbox 914 2565 955 2618; x_wconf 86' lang='lat' dir='ltr'><strong>s.“</strong></span> <span class='ocrx_word' id='word_1_189' title='bbox 978 2565 1008 2618; x_wconf 89' lang='lat' dir='ltr'><strong>ct</strong></span> <span class='ocrx_word' id='word_1_190' title='bbox 1028 2562 1063 2619; x_wconf 95' lang='lat' dir='ltr'><strong>N.</strong></span> <span class='ocrx_word' id='word_1_191' title='bbox 1086 2562 1118 2633; x_wconf 78' lang='lat' dir='ltr'><strong>Q.</strong></span> <span class='ocrx_word' id='word_1_192' title='bbox 1141 2562 1189 2629; x_wconf 91' lang='lat' dir='ltr'><strong>IV,</strong></span> <span class='ocrx_word' id='word_1_193' title='bbox 1213 2563 1239 2634; x_wconf 87' lang='lat'><strong>3,</strong></span> <span class='ocrx_word' id='word_1_194' title='bbox 1262 2563 1293 2621; x_wconf 88' lang='lat'><strong>6:</strong></span> <span class='ocrx_word' id='word_1_195' title='bbox 1329 2563 1427 2633; x_wconf 84' lang='lat' dir='ltr'><strong>,Inter</strong></span> 
     </span>
     <span class='ocr_line' id='line_1_21' title="bbox 318 2657 1428 2732; baseline 0.004 -18"><span class='ocrx_word' id='word_1_196' title='bbox 318 2659 411 2716; x_wconf 90' lang='lat' dir='ltr'><strong>nullos</strong></span> <span class='ocrx_word' id='word_1_197' title='bbox 441 2657 534 2730; x_wconf 83' lang='lat' dir='ltr'><strong>magis</strong></span> <span class='ocrx_word' id='word_1_198' title='bbox 564 2673 648 2728; x_wconf 91' lang='lat' dir='ltr'><strong>quam</strong></span> <span class='ocrx_word' id='word_1_199' title='bbox 678 2658 755 2716; x_wconf 91' lang='lat' dir='ltr'><strong>inter</strong></span> <span class='ocrx_word' id='word_1_200' title='bbox 775 2658 960 2730; x_wconf 91' lang='lat' dir='ltr'><strong>philosophos</strong></span> <span class='ocrx_word' id='word_1_201' title='bbox 981 2659 1066 2717; x_wconf 87' lang='lat' dir='ltr'><strong>debet</strong></span> <span class='ocrx_word' id='word_1_202' title='bbox 1086 2675 1148 2718; x_wconf 87' lang='lat' dir='ltr'><strong>esse</strong></span> <span class='ocrx_word' id='word_1_203' title='bbox 1168 2677 1261 2732; x_wconf 89' lang='lat' dir='ltr'><strong>acqua</strong></span> <span class='ocrx_word' id='word_1_204' title='bbox 1280 2661 1428 2718; x_wconf 80' lang='lat' dir='ltr'><strong>libertas.“</strong></span> 
     </span>
     <span class='ocr_line' id='line_1_22' title="bbox 307 2755 1429 2828; baseline 0.003 -17"><span class='ocrx_word' id='word_1_205' title='bbox 307 2755 456 2827; x_wconf 49' lang='lat' dir='ltr'><strong>¹(quotiens</strong></span> <span class='ocrx_word' id='word_1_206' title='bbox 487 2758 582 2812; x_wconf 89' lang='lat' dir='ltr'><strong>autem</strong></span> <span class='ocrx_word' id='word_1_207' title='bbox 612 2755 758 2828; x_wconf 88' lang='lat' dir='ltr'><strong>vituperet</strong></span> <span class='ocrx_word' id='word_1_208' title='bbox 778 2755 889 2814; x_wconf 89' lang='lat' dir='ltr'><strong>Stoicos</strong></span> <span class='ocrx_word' id='word_1_209' title='bbox 910 2755 1018 2815; x_wconf 89' lang='lat' dir='ltr'><strong>Seneca</strong></span> <span class='ocrx_word' id='word_1_210' title='bbox 1043 2758 1079 2814; x_wconf 94' lang='lat' dir='ltr'><strong>ob</strong></span> <span class='ocrx_word' id='word_1_211' title='bbox 1100 2757 1316 2816; x_wconf 89' lang='lat' dir='ltr'><strong>dialecticorum</strong></span> <span class='ocrx_word' id='word_1_212' title='bbox 1338 2756 1429 2816; x_wconf 87' lang='lat' dir='ltr'><strong>artifi-</strong></span> 
     </span>
     <span class='ocr_line' id='line_1_23' title="bbox 319 2852 1431 2925; baseline 0.001 -14"><span class='ocrx_word' id='word_1_213' title='bbox 319 2853 428 2911; x_wconf 88' lang='lat' dir='ltr'><strong>ciorum</strong></span> <span class='ocrx_word' id='word_1_214' title='bbox 457 2868 551 2924; x_wconf 89' lang='lat' dir='ltr'><strong>usum,</strong></span> <span class='ocrx_word' id='word_1_215' title='bbox 584 2853 638 2910; x_wconf 95' lang='lat' dir='ltr'><strong>hoc</strong></span> <span class='ocrx_word' id='word_1_216' title='bbox 669 2853 744 2911; x_wconf 93' lang='lat' dir='ltr'><strong>disce</strong></span> <span class='ocrx_word' id='word_1_217' title='bbox 769 2868 803 2911; x_wconf 86' lang='lat' dir='ltr'><strong>cx</strong></span> <span class='ocrx_word' id='word_1_218' title='bbox 824 2852 928 2911; x_wconf 91' lang='lat' dir='ltr'><strong>Haasii</strong></span> <span class='ocrx_word' id='word_1_219' title='bbox 947 2854 1041 2912; x_wconf 89' lang='lat' dir='ltr'><strong>indica</strong></span> <span class='ocrx_word' id='word_1_220' title='bbox 1061 2873 1084 2914; x_wconf 94' lang='lat' dir='ltr'><strong>s.</strong></span> <span class='ocrx_word' id='word_1_221' title='bbox 1105 2871 1151 2914; x_wconf 86' lang='lat' dir='ltr'><strong>vv.</strong></span> <span class='ocrx_word' id='word_1_222' title='bbox 1176 2856 1376 2925; x_wconf 84' lang='lat' dir='ltr'><strong>,dialecticus“</strong></span> <span class='ocrx_word' id='word_1_223' title='bbox 1401 2860 1431 2914; x_wconf 92' lang='lat' dir='ltr'><strong>et</strong></span> 
     </span>
     <span class='ocr_line' id='line_1_24' title="bbox 323 2949 1431 3023; baseline 0.004 -17"><span class='ocrx_word' id='word_1_224' title='bbox 323 2949 543 3022; x_wconf 87' lang='lat' dir='ltr'><strong>,sophismata“.</strong></span> <span class='ocrx_word' id='word_1_225' title='bbox 584 2949 730 3009; x_wconf 87' lang='lat' dir='ltr'><strong>Abeamus</strong></span> <span class='ocrx_word' id='word_1_226' title='bbox 750 2966 768 3008; x_wconf 90' lang='lat' dir='ltr'><strong>a</strong></span> <span class='ocrx_word' id='word_1_227' title='bbox 788 2949 961 3023; x_wconf 87' lang='lat' dir='ltr'><strong>nominibus,</strong></span> <span class='ocrx_word' id='word_1_228' title='bbox 986 2968 1032 3011; x_wconf 91' lang='lat' dir='ltr'><strong>res</strong></span> <span class='ocrx_word' id='word_1_229' title='bbox 1052 2952 1211 3011; x_wconf 85' lang='lat' dir='ltr'><strong>videamus!</strong></span> <span class='ocrx_word' id='word_1_230' title='bbox 1243 2953 1296 3011; x_wconf 84' lang='lat' dir='ltr'><strong>Vr.</strong></span> <span class='ocrx_word' id='word_1_231' title='bbox 1322 2953 1377 3011; x_wconf 88' lang='grc'><strong>173</strong></span> <span class='ocrx_word' id='word_1_232' title='bbox 1401 2957 1431 3011; x_wconf 91' lang='lat' dir='ltr'><strong>et</strong></span> 
     </span>
     <span class='ocr_line' id='line_1_25' title="bbox 322 3045 1432 3122; baseline 0.004 -18"><span class='ocrx_word' id='word_1_233' title='bbox 322 3048 380 3104; x_wconf 90' lang='grc'><strong>174</strong></span> <span class='ocrx_word' id='word_1_234' title='bbox 400 3045 534 3105; x_wconf 90' lang='lat' dir='ltr'><strong>interitus</strong></span> <span class='ocrx_word' id='word_1_235' title='bbox 547 3046 645 3104; x_wconf 91' lang='lat' dir='ltr'><strong>mundi</strong></span> <span class='ocrx_word' id='word_1_236' title='bbox 659 3051 904 3115; x_wconf 86' lang='lat' dir='ltr'><strong>commemoratur,</strong></span> <span class='ocrx_word' id='word_1_237' title='bbox 927 3049 975 3121; x_wconf 92' lang='lat' dir='ltr'><strong>qui</strong></span> <span class='ocrx_word' id='word_1_238' title='bbox 989 3065 1040 3107; x_wconf 93' lang='lat' dir='ltr'><strong>sno</strong></span> <span class='ocrx_word' id='word_1_239' title='bbox 1055 3049 1100 3108; x_wconf 90' lang='lat' dir='ltr'><strong>die</strong></span> <span class='ocrx_word' id='word_1_240' title='bbox 1114 3050 1233 3122; x_wconf 89' lang='lat' dir='ltr'><strong>accidet,</strong></span> <span class='ocrx_word' id='word_1_241' title='bbox 1256 3055 1320 3109; x_wconf 83' lang='lat' dir='ltr'><strong>cnm</strong></span> <span class='ocrx_word' id='word_1_242' title='bbox 1333 3055 1432 3108; x_wconf 90' lang='lat' dir='ltr'><strong>terrae</strong></span> 
     </span>
     <span class='ocr_line' id='line_1_26' title="bbox 319 3143 1430 3220; baseline 0.004 -19"><span class='ocrx_word' id='word_1_243' title='bbox 319 3143 442 3202; x_wconf 86' lang='lat' dir='ltr'><strong>terribili</strong></span> <span class='ocrx_word' id='word_1_244' title='bbox 462 3147 587 3202; x_wconf 88' lang='lat' dir='ltr'><strong>tremore</strong></span> <span class='ocrx_word' id='word_1_245' title='bbox 605 3161 741 3204; x_wconf 90' lang='lat' dir='ltr'><strong>concussa</strong></span> <span class='ocrx_word' id='word_1_246' title='bbox 755 3146 848 3204; x_wconf 90' lang='lat' dir='ltr'><strong>omnia</strong></span> <span class='ocrx_word' id='word_1_247' title='bbox 862 3151 1005 3204; x_wconf 91' lang='lat' dir='ltr'><strong>corruent.</strong></span> <span class='ocrx_word' id='word_1_248' title='bbox 1037 3147 1134 3206; x_wconf 85' lang='lat' dir='ltr'><strong>Verba</strong></span> <span class='ocrx_word' id='word_1_249' title='bbox 1147 3151 1249 3220; x_wconf 74' lang='lat' dir='ltr'><strong>potitae</strong></span> <span class='ocrx_word' id='word_1_250' title='bbox 1263 3148 1336 3206; x_wconf 87' lang='lat' dir='ltr'><strong>hacc</strong></span> <span class='ocrx_word' id='word_1_251' title='bbox 1349 3152 1430 3205; x_wconf 91' lang='lat' dir='ltr'><strong>sunt:</strong></span> 
     </span>
    </p>
   </div>
   <div class='ocr_carea' id='block_1_3' title="bbox 430 3274 1340 3642">
    <p class='ocr_par' dir='ltr' id='par_1_3' title="bbox 482 3274 1261 3351">
     <span class='ocr_line' id='line_1_27' title="bbox 482 3274 1261 3351; baseline 0.005 -18"><span class='ocrx_word' id='word_1_252' title='bbox 482 3275 576 3346; x_wconf 89' lang='lat' dir='ltr'><strong>,Hinc</strong></span> <span class='ocrx_word' id='word_1_253' title='bbox 596 3274 705 3350; x_wconf 85' lang='lat' dir='ltr'><strong>venis²)</strong></span> <span class='ocrx_word' id='word_1_254' title='bbox 727 3277 830 3350; x_wconf 86' lang='lat' dir='ltr'><strong>rabies,</strong></span> <span class='ocrx_word' id='word_1_255' title='bbox 851 3279 918 3336; x_wconf 93' lang='lat' dir='ltr'><strong>hinc</strong></span> <span class='ocrx_word' id='word_1_256' title='bbox 938 3295 1022 3338; x_wconf 83' lang='lat' dir='ltr'><strong>saevo</strong></span> <span class='ocrx_word' id='word_1_257' title='bbox 1043 3296 1145 3351; x_wconf 88' lang='lat' dir='ltr'><strong>quassa</strong></span> <span class='ocrx_word' id='word_1_258' title='bbox 1165 3286 1261 3339; x_wconf 90' lang='lat' dir='ltr'><strong>meatu</strong></span> 
     </span>
    </p>

    <p class='ocr_par' dir='ltr' id='par_1_4' title="bbox 478 3374 1229 3450">
     <span class='ocr_line' id='line_1_28' title="bbox 478 3374 1229 3450; baseline 0.005 -18"><span class='ocrx_word' id='word_1_259' title='bbox 478 3374 678 3432; x_wconf 86' lang='lat' dir='ltr'><strong>Fundamenta</strong></span> <span class='ocrx_word' id='word_1_260' title='bbox 697 3375 751 3433; x_wconf 89' lang='lat' dir='ltr'><strong>soli</strong></span> <span class='ocrx_word' id='word_1_261' title='bbox 770 3376 917 3448; x_wconf 87' lang='lat' dir='ltr'><strong>trepidant</strong></span> <span class='ocrx_word' id='word_1_262' title='bbox 936 3378 1077 3450; x_wconf 87' lang='lat' dir='ltr'><strong>urbesque</strong></span> <span class='ocrx_word' id='word_1_263' title='bbox 1098 3378 1229 3450; x_wconf 87' lang='lat' dir='ltr'><strong>caducae,</strong></span> 
     </span>
    </p>

    <p class='ocr_par' dir='ltr' id='par_1_5' title="bbox 430 3472 1340 3642">
     <span class='ocr_line' id='line_1_29' title="bbox 481 3472 1340 3544; baseline 0.005 -14"><span class='ocrx_word' id='word_1_264' title='bbox 481 3503 518 3513; x_wconf 93' lang='lat'>—</span> <span class='ocrx_word' id='word_1_265' title='bbox 539 3472 609 3530; x_wconf 91' lang='lat' dir='ltr'><strong>Inde</strong></span> <span class='ocrx_word' id='word_1_266' title='bbox 630 3488 721 3543; x_wconf 90' lang='lat' dir='ltr'><strong>neque</strong></span> <span class='ocrx_word' id='word_1_267' title='bbox 741 3477 786 3530; x_wconf 90' lang='lat' dir='ltr'><strong>est</strong></span> <span class='ocrx_word' id='word_1_268' title='bbox 806 3472 892 3540; x_wconf 89' lang='lat' dir='ltr'><strong>aliud,</strong></span> <span class='ocrx_word' id='word_1_269' title='bbox 915 3474 940 3530; x_wconf 91' lang='lat' dir='ltr'><strong>si</strong></span> <span class='ocrx_word' id='word_1_270' title='bbox 960 3473 1003 3533; x_wconf 89' lang='lat' dir='ltr'><strong>fas</strong></span> <span class='ocrx_word' id='word_1_271' title='bbox 1025 3479 1068 3532; x_wconf 90' lang='lat' dir='ltr'><strong>est</strong></span> <span class='ocrx_word' id='word_1_272' title='bbox 1088 3475 1213 3544; x_wconf 86' lang='lat' dir='ltr'><strong>credere,</strong></span> <span class='ocrx_word' id='word_1_273' title='bbox 1235 3476 1340 3534; x_wconf 93' lang='lat' dir='ltr'><strong>mundo</strong></span> 
     </span>
     <span class='ocr_line' id='line_1_30' title="bbox 430 3565 1207 3642; baseline 0.012 -21"><span class='ocrx_word' id='word_1_274' title='bbox 430 3616 433 3621; x_wconf 85' lang='grc'>,</span> <span class='ocrx_word' id='word_1_275' title='bbox 479 3565 640 3628; x_wconf 83' lang='lat' dir='ltr'><strong>Venturam</strong></span> <span class='ocrx_word' id='word_1_276' title='bbox 660 3570 806 3642; x_wconf 88' lang='lat' dir='ltr'><strong>antiquam</strong></span> <span class='ocrx_word' id='word_1_277' title='bbox 825 3568 928 3628; x_wconf 91' lang='lat' dir='ltr'><strong>faciem</strong></span> <span class='ocrx_word' id='word_1_278' title='bbox 947 3573 1078 3630; x_wconf 87' lang='lat' dir='ltr'><strong>veracius</strong></span> <span class='ocrx_word' id='word_1_279' title='bbox 1099 3578 1207 3631; x_wconf 85' lang='lat' dir='ltr'><strong>omen¹‘.</strong></span> 
     </span>
    </p>
   </div>
   <div class='ocr_carea' id='block_1_4' title="bbox 324 3702 1432 3878">
    <p class='ocr_par' dir='ltr' id='par_1_6' title="bbox 324 3702 1432 3878">
     <span class='ocr_line' id='line_1_31' title="bbox 402 3702 1432 3782; baseline 0.005 -22"><span class='ocrx_word' id='word_1_280' title='bbox 402 3702 527 3773; x_wconf 80' lang='lat' dir='ltr'><strong>Quocum</strong></span> <span class='ocrx_word' id='word_1_281' title='bbox 549 3703 720 3762; x_wconf 86' lang='lat' dir='ltr'><strong>conferenda</strong></span> <span class='ocrx_word' id='word_1_282' title='bbox 739 3706 812 3775; x_wconf 87' lang='lat' dir='ltr'><strong>suut,</strong></span> <span class='ocrx_word' id='word_1_283' title='bbox 835 3719 909 3773; x_wconf 88' lang='lat' dir='ltr'><strong>quae</strong></span> <span class='ocrx_word' id='word_1_284' title='bbox 930 3703 1059 3776; x_wconf 90' lang='lat' dir='ltr'><strong>disputat</strong></span> <span class='ocrx_word' id='word_1_285' title='bbox 1069 3703 1179 3782; x_wconf 88' lang='lat' dir='ltr'><strong>Seneca</strong></span> <span class='ocrx_word' id='word_1_286' title='bbox 1192 3707 1223 3764; x_wconf 86' lang='lat' dir='ltr'><strong>in</strong></span> <span class='ocrx_word' id='word_1_287' title='bbox 1236 3707 1432 3766; x_wconf 88' lang='lat' dir='ltr'><strong>consolatione</strong></span> 
     </span>
     <span class='ocr_line' id='line_1_32' title="bbox 324 3799 1431 3878; baseline 0.003 -21"><span class='ocrx_word' id='word_1_288' title='bbox 324 3799 361 3857; x_wconf 89' lang='lat' dir='ltr'><strong>ad</strong></span> <span class='ocrx_word' id='word_1_289' title='bbox 379 3799 518 3878; x_wconf 84' lang='lat' dir='ltr'><strong>Marciam</strong></span> <span class='ocrx_word' id='word_1_290' title='bbox 538 3801 586 3868; x_wconf 79' lang='lat'><strong>26,</strong></span> <span class='ocrx_word' id='word_1_291' title='bbox 609 3800 640 3868; x_wconf 83' lang='grc'><strong>6,</strong></span> <span class='ocrx_word' id='word_1_292' title='bbox 671 3799 721 3858; x_wconf 89' lang='lat' dir='ltr'><strong>ubi</strong></span> <span class='ocrx_word' id='word_1_293' title='bbox 751 3799 781 3857; x_wconf 91' lang='lat' dir='ltr'><strong>in</strong></span> <span class='ocrx_word' id='word_1_294' title='bbox 811 3800 979 3873; x_wconf 82' lang='lat' dir='ltr'><strong>gravissima</strong></span> <span class='ocrx_word' id='word_1_295' title='bbox 1010 3801 1200 3875; x_wconf 83' lang='lat' dir='ltr'><strong>descriptione</strong></span> <span class='ocrx_word' id='word_1_296' title='bbox 1222 3803 1344 3861; x_wconf 86' lang='lat' dir='ltr'><strong>extremi</strong></span> <span class='ocrx_word' id='word_1_297' title='bbox 1363 3802 1431 3876; x_wconf 92' lang='lat' dir='ltr'><strong>diei,</strong></span> 
     </span>
    </p>
   </div>
   <div class='ocr_carea' id='block_1_5' title="bbox 324 3951 536 3973">
    <p class='ocr_par' dir='ltr' id='par_1_7' title="bbox 324 3951 536 3973">
     <span class='ocr_line' id='line_1_33' title="bbox 324 3951 536 3960; baseline 0.009 -2"><span class='ocrx_word' id='word_1_298' title='bbox 324 3951 536 3960; x_wconf 70' lang='lat'><em>-—-—-——-</em></span> 
     </span>
     <span class='ocr_line' id='line_1_34' title="bbox 402 3964 405 3973; baseline 0 0"><span class='ocrx_word' id='word_1_299' title='bbox 402 3964 405 3973; x_wconf 85' lang='grc' dir='ltr'>ι</span> 
     </span>
    </p>
   </div>
   <div class='ocr_carea' id='block_1_6' title="bbox 325 4034 1432 4193">
    <p class='ocr_par' dir='ltr' id='par_1_8' title="bbox 325 4034 1432 4193">
     <span class='ocr_line' id='line_1_35' title="bbox 395 4034 1432 4108; baseline 0.004 -18"><span class='ocrx_word' id='word_1_300' title='bbox 395 4035 418 4108; x_wconf 88' lang='lat'><strong>¹)</strong></span> <span class='ocrx_word' id='word_1_301' title='bbox 437 4035 470 4095; x_wconf 75' lang='lat' dir='ltr'><strong>ci</strong></span> <span class='ocrx_word' id='word_1_302' title='bbox 499 4035 563 4094; x_wconf 91' lang='lat' dir='ltr'><strong>Sen.</strong></span> <span class='ocrx_word' id='word_1_303' title='bbox 592 4034 705 4106; x_wconf 87' lang='lat' dir='ltr'><strong>Thyest.</strong></span> <span class='ocrx_word' id='word_1_304' title='bbox 733 4037 799 4092; x_wconf 82' lang='lat'>549:</span> <span class='ocrx_word' id='word_1_305' title='bbox 837 4035 939 4106; x_wconf 90' lang='lat' dir='ltr'><strong>,Nulla</strong></span> <span class='ocrx_word' id='word_1_306' title='bbox 966 4038 1007 4092; x_wconf 85' lang='lat' dir='ltr'><strong>vis</strong></span> <span class='ocrx_word' id='word_1_307' title='bbox 1034 4038 1122 4093; x_wconf 91' lang='lat' dir='ltr'><strong>maior</strong></span> <span class='ocrx_word' id='word_1_308' title='bbox 1148 4038 1252 4108; x_wconf 86' lang='lat' dir='ltr'><strong>pietate</strong></span> <span class='ocrx_word' id='word_1_309' title='bbox 1279 4055 1345 4094; x_wconf 87' lang='lat' dir='ltr'><strong>vera</strong></span> <span class='ocrx_word' id='word_1_310' title='bbox 1373 4041 1432 4095; x_wconf 85' lang='lat' dir='ltr'><strong>cst“</strong></span> 
     </span>
     <span class='ocr_line' id='line_1_36' title="bbox 325 4123 687 4193; baseline 0.006 -13"><span class='ocrx_word' id='word_1_311' title='bbox 325 4125 371 4192; x_wconf 86' lang='lat'><strong>(=</strong></span> <span class='ocrx_word' id='word_1_312' title='bbox 388 4123 481 4179; x_wconf 75' lang='lat' dir='ltr'><strong>naua</strong></span> <span class='ocrx_word' id='word_1_313' title='bbox 499 4125 550 4178; x_wconf 76' lang='lat' dir='ltr'><strong>aaa</strong></span> <span class='ocrx_word' id='word_1_314' title='bbox 570 4125 598 4179; x_wconf 80' lang='lat' dir='ltr'><strong>a</strong></span> <span class='ocrx_word' id='word_1_315' title='bbox 616 4125 687 4193; x_wconf 78' lang='lat' dir='ltr'><strong>cal).</strong></span> 
     </span>
    </p>
   </div>
   <div class='ocr_carea' id='block_1_7' title="bbox 327 4211 1434 4366">
    <p class='ocr_par' dir='ltr' id='par_1_9' title="bbox 327 4211 1434 4366">
     <span class='ocr_line' id='line_1_37' title="bbox 395 4211 1434 4294; baseline 0.004 -25"><span class='ocrx_word' id='word_1_316' title='bbox 395 4213 416 4282; x_wconf 88' lang='lat'><strong>¹)</strong></span> <span class='ocrx_word' id='word_1_317' title='bbox 436 4211 481 4269; x_wconf 89' lang='lat' dir='ltr'><strong>Sic</strong></span> <span class='ocrx_word' id='word_1_318' title='bbox 499 4228 550 4282; x_wconf 84' lang='lat' dir='ltr'><strong>ego</strong></span> <span class='ocrx_word' id='word_1_319' title='bbox 567 4229 620 4284; x_wconf 91' lang='lat' dir='ltr'><strong>pro</strong></span> <span class='ocrx_word' id='word_1_320' title='bbox 638 4214 763 4271; x_wconf 88' lang='lat' dir='ltr'><strong>codicum</strong></span> <span class='ocrx_word' id='word_1_321' title='bbox 780 4216 922 4286; x_wconf 89' lang='lat' dir='ltr'><strong>memoria,</strong></span> <span class='ocrx_word' id='word_1_322' title='bbox 941 4232 1012 4287; x_wconf 89' lang='lat' dir='ltr'><strong>quaa</strong></span> <span class='ocrx_word' id='word_1_323' title='bbox 1031 4218 1074 4272; x_wconf 92' lang='lat' dir='ltr'><strong>est</strong></span> <span class='ocrx_word' id='word_1_324' title='bbox 1092 4218 1210 4288; x_wconf 86' lang='lat' dir='ltr'><strong>„vanti“‚</strong></span> <span class='ocrx_word' id='word_1_325' title='bbox 1228 4215 1262 4274; x_wconf 83' lang='lat' dir='ltr'><strong>ci.</strong></span> <span class='ocrx_word' id='word_1_326' title='bbox 1280 4215 1315 4274; x_wconf 90' lang='lat' dir='ltr'><strong>N.</strong></span> <span class='ocrx_word' id='word_1_327' title='bbox 1335 4217 1368 4285; x_wconf 86' lang='lat' dir='ltr'><strong>Q.</strong></span> <span class='ocrx_word' id='word_1_328' title='bbox 1386 4217 1434 4294; x_wconf 80' lang='lat' dir='ltr'><strong>vl,</strong></span> 
     </span>
     <span class='ocr_line' id='line_1_38' title="bbox 327 4302 412 4366; baseline 0.035 -11"><span class='ocrx_word' id='word_1_329' title='bbox 327 4303 367 4366; x_wconf 80' lang='lat'><strong>14,</strong></span> <span class='ocrx_word' id='word_1_330' title='bbox 388 4302 412 4359; x_wconf 78' lang='lat'><strong>2.</strong></span> 
     </span>
    </p>
   </div>
   <div class='ocr_carea' id='block_1_8' title="bbox 0 0 1570 5202">
    <p class='ocr_par' dir='ltr' id='par_1_10' title="bbox 0 0 1570 5202">
     <span class='ocr_line' id='line_1_39' title="bbox 0 0 1570 5202; baseline 0 0"><span class='ocrx_word' id='word_1_331' title='bbox 0 0 1570 5202; x_wconf 95' lang='lat' dir='ltr'><strong> </strong></span> 
     </span>
    </p>
   </div>
  </div>
 </body>
</html>
