3108 5202
771 581 980 645 „30-

326 793 431 853 Vertat
455 791 618 851 inocculto
639 790 824 868 (sc.Pluto),
856 793 943 850 clam
964 797 1034 849 tum
1054 793 1152 851 tremit
1173 793 1224 868 (sc.
1246 793 1427 871 iuppiter),“
1488 843 1491 853 .

329 889 406 949 ‘tum’
431 890 459 950 h.
481 906 520 961 1.,
543 904 607 948 cum
629 887 734 961 ‘fragor
753 888 894 961 rumpitur
913 893 978 947 tcta
997 889 1091 948 Aetna
1110 894 1141 949 et
1159 888 1239 949 fusca
1258 892 1366 963 pallent
1385 891 1427 948 in-

325 987 426 1048 cendia
444 986 535 1044 mixta
554 986 644 1044 ruina’
666 985 706 1059 (v.
729 986 784 1044 201
808 985 890 1060 sqq).
921 983 1021 1043 Palam
1041 991 1164 1044 tremere
1185 1003 1248 1045 cum
1262 987 1302 1045 sit
1315 987 1428 1046 omnino

324 1083 399 1142 Jove
427 1083 585 1154 iudignum,
616 1086 712 1140 tamen
730 1081 840 1140 Aetnae
870 1081 1015 1155 fragorem
1040 1083 1157 1141 audiens
1176 1099 1233 1142 non
1253 1088 1350 1157 potest
1370 1100 1427 1141 non

324 1181 425 1239 saltem
456 1179 528 1238 clam
559 1184 693 1238 tremere:
727 1183 817 1236 tanta
847 1184 891 1238 est
920 1179 1056 1252 ignivomi
1086 1180 1190 1239 montis
1220 1180 1364 1241 maiestas.
1388 1214 1424 1223 —

323 1278 431 1338 Versus
452 1278 509 1335 394
540 1281 698 1334 extremum
728 1277 897 1334 vccabulum
927 1275 1058 1349 „fcntes“
1089 1277 1150 1336 sine
1175 1278 1261 1337 dubio
1282 1278 1427 1337 sincerum

323 1380 374 1448 cst,
396 1374 537 1447 „infectae
558 1377 666 1447 aquae“
687 1381 732 1434 est
751 1375 900 1448 genetivus
920 1375 999 1433 illinc
1013 1375 1146 1448 pendens.
1179 1376 1236 1435 Sed
1248 1377 1306 1435 iam
1321 1392 1423 1434 sanan·

322 1472 388 1530 dum
409 1477 453 1530 est
472 1471 544 1529 illud
564 1471 770 1544 ‚,cripiantur“.
802 1471 930 1544 Machlyi
944 1476 1040 1530 autem
1054 1473 1218 1531 coniectura
1239 1475 1422 1544 ‚,testantur“

322 1585 422 1642 parum
456 1569 624 1643 probabilis,
660 1569 737 1628 idem
773 1569 850 1628 cadit
878 1571 908 1627 in
939 1578 1048 1628 ceteras
1079 1570 1287 1646 emendationes
1319 1587 1423 1630 omnes.

321 1668 420 1738 Neque
449 1682 518 1725 vero
549 1683 620 1740 opus
644 1672 688 1725 est
709 1667 820 1725 omnino
841 1668 958 1726 verbum
979 1667 1093 1738 aliquod
1115 1668 1280 1726 declarandi
1299 1669 1422 1740 restitui,

328 1763 405 1821 unde
424 1765 548 1836 pendeat
577 1763 735 1824 infinitivus
767 1765 977 1838 „discurrere“,
1008 1782 1036 1826 v.
1063 1782 1136 1838 qnae
1157 1767 1285 1839 disputat
1304 1767 1424 1825 Werns-

322 1859 426 1920 dorfius
446 1862 483 1920 ad
501 1879 527 1918 v.
551 1863 617 1921 391.
652 1862 712 1919 Iam
733 1862 837 1920 collato
858 1860 940 1920 Grat.
963 1879 1026 1936 cyn.
1048 1879 1074 1921 v.
1096 1864 1154 1922 440
1176 1878 1235 1934 sqq.
1257 1863 1316 1939 (cd.
1333 1863 1426 1922 Bach-

321 1973 398 2030 rens,
430 1958 492 2031 lege
525 1975 589 2017 av.
611 1959 682 2034 430)
713 1963 742 2016 et
773 1975 836 2016 cum
866 1975 953 2032 grano
980 1959 1050 2018 salis
1070 1961 1157 2018 etlam
1177 1961 1268 2019 nostri
1289 1960 1423 2020 carminis

321 2070 347 2112 v.
372 2056 429 2113 340
450 2072 507 2128 sqq.
530 2071 641 2114 mecum
661 2055 702 2114 sic
723 2056 862 2128 corriges:
1230 2061 1233 2064 ’

471 2152 585 2223 „Atque
605 2153 680 2210 hanc
700 2152 849 2211 materiam
869 2151 982 2224 penitus
1003 2152 1172 2226 discurrere,
1193 2152 1285 2212 fontes

463 2248 590 2308 Infectae
611 2265 690 2308 ecce
710 2249 850 2322 piantur
870 2265 960 2320 aquae
981 2250 1078 2308 radice
1099 2250 1150 2309 sub
1172 2249 1263 2321 ipsa.“

399 2347 465 2405 Tali
495 2347 750 2418 breviloquentiac,
782 2347 862 2406 cuius
893 2349 1022 2420 exempla
1042 2351 1087 2407 sat
1107 2349 1197 2405 multa
1217 2352 1371 2406 occurrunt
1393 2347 1423 2403 in

321 2444 423 2516 poetis,
450 2444 556 2516 optime
576 2445 708 2503 convenit
727 2443 798 2502 illud
818 2446 932 2514 „ecce“.
976 2443 1125 2502 Sententia
1144 2444 1215 2502 hacc
1236 2449 1293 2503 est:
1327 2443 1422 2517 „Ecce

322 2541 417 2600 fontes
437 2541 560 2600 infectae
580 2558 669 2613 aquae
690 2541 742 2600 sub
762 2542 825 2614 ipsa
845 2541 942 2599 radice
962 2542 1065 2599 montis
1085 2540 1202 2614 piantur
1220 2544 1250 2598 et
1269 2541 1324 2599 hcc
1343 2541 1421 2612 ipso

320 2638 449 2711 plaudo
470 2639 731 2697 demonstratur
754 2639 829 2696 hanc
849 2638 999 2696 materiam
1019 2637 1152 2715 (alumen,
1174 2638 1307 2710 bitumen,
1329 2637 1422 2696 sulfur

320 2739 415 2792 cetera
444 2734 475 2793 id
500 2733 599 2808 genus)
630 2734 753 2792 Aetnam
778 2734 891 2806 penitus
911 2733 1070 2792 discurrere
1091 2739 1120 2794 et
1139 2733 1258 2794 infectas
1278 2751 1339 2794 esse
1361 2735 1421 2793 eius

320 2847 408 2902 aquas
438 2830 515 2888 haud
544 2831 674 2890 leviter“.
716 2831 808 2888 Erant
837 2834 931 2890 autam
960 2831 1080 2904 piandac
1106 2832 1126 2892 i.
1147 2849 1171 2891 e.
1192 2831 1345 2905 placandae
1367 2847 1417 2890 eac

321 2944 424 3000 aquae,
455 2933 489 2986 ut
518 2928 560 2986 vis
585 2928 759 2986 medicinalis
778 2929 892 2987 illcmm
911 2928 1034 2987 fontium
1054 2929 1288 2988 bituminosorum
1308 2941 1421 2988 omnem

321 3025 450 3084 morbum
470 3025 619 3097 tabemque
639 3025 728 3098 probe
748 3030 869 3084 sanaret.
903 3026 1027 3084 (laesura
1048 3025 1167 3098 deniqne
1189 3030 1234 3085 est
1248 3023 1317 3102 μετὰ
1333 3023 1420 3102 τρίτον

320 3125 455 3201 τροχαῖον,
477 3122 510 3181 cf.
533 3140 577 3181 vv.
594 3123 660 3196 325,
682 3124 749 3196 266,
772 3123 837 3195 227,
862 3124 926 3196 380,
950 3125 1008 3182 322
1029 3123 1150 3196 saepius.
1183 3123 1217 3182 V.
1233 3123 1290 3183 506
1314 3125 1421 3195 „ccce“

322 3224 487 3293 corruptum
507 3224 551 3278 est
571 3219 601 3277 in
621 3219 742 3278 formam
762 3222 870 3292 „esse“,
892 3225 989 3278 nostro
1010 3221 1073 3278 loco
1093 3220 1124 3276 in
1143 3219 1257 3278 litteras
1277 3220 1368 3288 ‚‚eri“.

398 3316 497 3376 Redeo
528 3316 565 3374 ad
595 3333 707 3376 versum
728 3317 794 3385 253,
817 3333 899 3388 quem
919 3318 1011 3390 primo
1031 3317 1094 3375 loco
1114 3316 1207 3389 posui.
1248 3316 1304 3376 Hic
1322 3333 1421 3376 versus

319 3415 361 3474 sic
390 3414 502 3474 videtur
530 3414 561 3471 in
593 3413 805 3486 interpolatoris
835 3414 909 3471 libro
939 3414 1061 3486 scriptus
1087 3413 1189 3471 fuisse:
1222 3429 1313 3486 „luae
1333 3413 1365 3470 in
1386 3429 1422 3472 ea

319 3512 492 3572 mirandae.
513 3528 540 3584 q.
561 3513 603 3570 s.“
625 3511 728 3570 omissa
747 3510 890 3583 particula
910 3512 1012 3583 ‚,que“.
1044 3510 1139 3569 Metro
1160 3514 1274 3569 coactus
1296 3509 1422 3582 primum

319 3608 500 3682 praescripsit
523 3609 710 3681 interpolator
730 3609 811 3680 ,‚et“,
843 3607 946 3666 deinde
967 3611 1061 3666 autem
1080 3607 1169 3666 verba
1189 3607 1238 3680 ,‚in
1258 3608 1312 3665 ea“
1334 3606 1420 3664 eiecit

319 3706 491 3765 substituens
521 3708 634 3779 „nuuc“
654 3705 739 3777 plane
758 3703 922 3777 languidum
941 3704 1090 3765 hocloco.
1135 3705 1196 3762 Iam
1215 3703 1304 3775 liquet
1324 3703 1419 3762 Baeh-

318 3807 428 3862 rcntem
457 3819 556 3862 verum
586 3805 745 3861 assecutum
765 3817 826 3860 csse
846 3800 923 3859 inv.
945 3800 1016 3873 218,
1052 3801 1109 3859 uisi
1129 3800 1204 3872 qnod
1224 3800 1249 3859 si
1268 3799 1331 3871 quis
1350 3799 1421 3858 velit

261 3958 265 3967 ,
320 3916 430 3958 comma
448 3900 584 3959 vocabulo
606 3900 761 3974 „magnus“
783 3914 966 3971 praeponere,
988 3914 1043 3956 nou
1063 3912 1166 3970 magno
1181 3913 1265 3970 opere
1278 3912 1415 3969 repugno.

320 3997 402 4068 Quod
432 3997 507 4056 enim
530 3997 559 4055 in
579 3995 705 4055 Walchii
725 4000 854 4054 actorum
873 3994 1016 4054 volumine
1036 3995 1135 4066 quinto
1158 3992 1309 4066 Gyraldini
1327 3993 1418 4053 lectio

320 4095 438 4153 affertur
459 4111 652 4168 „magnusque
672 4094 722 4167 qui
742 4094 793 4153 sub
815 4094 918 4166 duce“‚
950 4093 1017 4165 hoc,
1044 4097 1078 4150 ut
1097 4091 1155 4150 iam
1174 4091 1319 4149 Baehrens
1338 4095 1419 4148 recte

319 4191 417 4262 sensit,
439 4193 476 4251 ad
495 4208 603 4251 merum
623 4192 767 4251 collatoris
787 4206 915 4250 errorem
937 4190 1051 4247 videtur
1065 4206 1127 4248 esse
1140 4187 1327 4261 referendum,
1348 4203 1420 4258 quos

319 4290 396 4348 haud
415 4290 457 4348 ita
475 4306 581 4364 paucos
594 4289 771 4349 Matthiaeus
792 4287 925 4348 correxit.
958 4285 1081 4346 Videtur
1100 4284 1195 4358 potius
1214 4284 1245 4342 in
1258 4282 1419 4357 Gyraldinc
