3108 5202
584 1659 721 1729 CAPUT
742 1661 766 1726 Ι.

121 1868 176 1949 De
207 1868 359 1953 Aetnae
399 1894 443 1954 re
476 1872 631 1961 critica,
673 1873 861 1977 imprimis
899 1874 945 1956 de
986 1827 1236 1979 praestantia

485 2013 627 2094 codicis
653 2011 869 2114 Gyraldini

121 2259 221 2354 Onam
241 2293 344 2352 misere
369 2311 400 2353 se
425 2296 531 2353 habeat
551 2297 663 2353 Aetnae
693 2295 832 2367 poematii
857 2293 1096 2366 interpolatorum
1120 2297 1234 2355 temeri·

120 2393 183 2446 tate
203 2389 417 2462 scribarumque
436 2392 619 2464 neglegentia
639 2392 724 2452 simul
745 2397 775 2448 et
795 2391 911 2449 inscitia
930 2391 1022 2449 multa
1042 2409 1094 2464 per
1116 2393 1231 2452 saecula

124 2483 208 2543 foede
239 2486 390 2558 depravati
421 2488 547 2546 conditio
568 2489 680 2569 critica,
711 2488 806 2546 verbis
838 2487 894 2545 dici
920 2488 972 2544 uix
992 2493 1097 2560 potest.
1140 2491 1234 2560 qnid?
1318 2473 1321 2480 ¹

121 2583 198 2652 quod
218 2583 348 2640 nonnulli
368 2583 502 2642 carminis
528 2601 627 2643 versus
647 2589 729 2642 tanta
749 2584 892 2655 inquinati
912 2589 977 2643 sunt
1004 2586 1232 2657 corruptelarum

119 2678 192 2746 labe,
213 2683 246 2735 ut
265 2680 381 2752 ingenio
396 2680 444 2738 diu
458 2681 636 2752 multumque
651 2681 808 2739 exercitato
822 2679 951 2739 defessus
972 2681 1094 2740 desistas
1114 2683 1231 2741 tandem

119 2775 280 2834 laboriosae
310 2777 394 2848 pleno
416 2792 503 2849 opere
523 2777 603 2835 aleae
624 2793 658 2836 ac
678 2778 812 2850 desperes
842 2778 889 2835 hic
914 2778 975 2836 illic
995 2783 1028 2835 nt
1048 2778 1175 2838 medicus
1197 2779 1231 2837 de

119 2872 212 2931 salute
244 2874 375 2946 aegroti?
426 2873 484 2932 Sed
514 2874 579 2946 ipsa
609 2875 660 2932 illa
690 2874 867 2932 incredibilis
904 2874 1070 2946 depravatio
1107 2876 1232 2933 animum

120 2969 224 3026 mirum
238 2974 374 3041 quantum
392 2971 494 3028 incitat
515 2971 553 3028 ad
573 2971 735 3043 indaganda
748 2971 879 3044 genuina,
901 2971 944 3028 ita
963 2971 1106 3029 mehercle
1126 2977 1158 3030 nt
1172 2972 1232 3031 fere

119 3082 176 3123 non
195 3067 287 3138 possis
307 3083 364 3124 111
384 3067 473 3125 etiam
486 3071 573 3139 atque
594 3068 681 3126 etiam
701 3067 810 3126 revolvi
831 3068 867 3126 ad
880 3068 1003 3126 Aetnam
1023 3074 1103 3126 tuam
1122 3085 1231 3128 summa

119 3163 301 3222 contentione
322 3165 527 3223 emendandam
549 3164 791 3236 difficultatesque
813 3163 929 3223 fortiter
949 3165 1147 3225 devincendas.

198 3261 239 3318 At
257 3277 326 3319 uero
348 3267 501 3334 antequam
533 3260 606 3320 artis
637 3262 756 3320 criticae
776 3263 807 3319 in
828 3260 925 3320 Aetna
950 3262 1127 3320 emendanda
1148 3279 1230 3320 exer-

120 3356 228 3415 cendae
259 3358 352 3416 solida
386 3362 497 3416 struere
527 3358 681 3431 aggrediar
714 3356 912 3426 1111111111,
948 3359 1047 3430 paucis
1078 3359 1149 3416 mihi
1182 3376 1229 3416 ex-

117 3455 278 3527 ponendum
313 3461 368 3528 est,
410 3456 512 3527 quibus
552 3456 696 3514 codicibus
731 3460 846 3513 seruata
878 3455 990 3513 Aetnae
1023 3455 1160 3512 memoria
1193 3457 1230 3514 ad

117 3557 246 3609 nostram
278 3556 403 3610 aetatem
429 3553 602 3624 pervenerit.
644 3554 688 3611 Ac
718 3553 841 3625 primum
873 3551 986 3622 quidem
1016 3551 1161 3609 sciendum
1186 3557 1230 3610 est

118 3649 244 3706 codicem
265 3649 356 3707 solam
376 3651 499 3706 Aetnam
520 3651 712 3708 continentem
732 3649 818 3706 hodie
838 3663 956 3720 prorsus
976 3648 1084 3705 nullum
1106 3639 1227 3722 1111111,

115 3746 250 3803 nimirum
279 3747 347 3819 qnia
372 3748 478 3820 Aetna,
511 3747 547 3805 de
577 3747 658 3806 cuins
688 3752 806 3805 anctore
837 3743 904 3815 quid
929 3744 1051 3801 sentiam
1076 3739 1152 3801 11111
1177 3761 1228 3802 ex-

116 3847 250 3914 ponetur,
289 3844 347 3901 iam
386 3843 544 3914 antiquitus
577 3847 696 3915 recepta
729 3847 773 3900 est
806 3841 837 3898 in
871 3839 998 3912 syllogen
1031 3840 1226 3912 Vergilianum
1268 3829 1272 3838 ’

116 3940 329 4012 scribarumque
350 3940 468 3998 calamis
481 3955 539 3996 una
560 3955 623 3995 oum
644 3941 747 3996 ceteris
760 3937 839 3994 illius
857 3935 1035 3994 collectionis
1055 3937 1228 3996 carminibus

115 4041 282 4108 propagata.

179 4131 293 4192 ,Primo
323 4134 387 4192 1101
423 4132 549 4191 codicem
579 4129 693 4186 nomino
723 4127 988 4200 Cantabrigiemsem
1021 4131 1136 4187 saeculo
1166 4129 1227 4187 fere

116 4232 143 4288 X
163 4231 301 4303 scriptum
321 4231 427 4288 litteris
440 4229 525 4287 valde
544 4226 712 4300 perspicuis,
734 4225 815 4283 cuius
834 4224 973 4283 lectiones
993 4225 1152 4293 nonnullas,
1175 4225 1226 4282 sed

116 4343 171 4385 non
192 4344 289 4386 omnes
303 4328 412 4400 primus
425 4325 554 4399 vulgavit
574 4329 603 4382 et
616 4325 664 4381 via
684 4339 718 4381 ac
738 4323 851 4380 ratione
871 4320 901 4378 in
914 4337 997 4379 nsum
1017 4321 1132 4379 vocavit
1151 4337 1225 4380 anno

1017 4411 1029 4462 l
