3108 5202
614 589 833 653 ..33-

398 805 601 873 „prospectare
620 800 706 860 cbaos
725 805 756 859 et
774 801 835 860 sine
855 799 912 859 fine
931 802 1046 861 ruinas*

168 928 200 983 et
221 923 350 982 additum
372 929 436 982 erat
456 925 488 982 in
507 923 636 997 margine
656 941 674 982 a
693 924 788 983 scriba
809 927 967 997 „vastnm“,
990 924 1064 996 qnod
1078 927 1160 999 lapsu
1175 926 1279 986 calami
1339 922 1341 926 ’

168 1021 200 1079 in
226 1025 361 1079 contextu
384 1038 414 1080 se
436 1021 564 1080 omisisse
584 1021 683 1079 statim
702 1022 791 1081 sensit
810 1021 866 1080 ille.
909 1022 988 1080 Haec
1008 1021 1097 1095 igitur
1116 1022 1172 1082 tuit
1192 1023 1279 1083 lectio

169 1120 233 1177 eius
253 1118 367 1192 codicis,
390 1118 440 1190 qui
454 1151 491 1162 -
505 1123 540 1176 ιιι
559 1119 704 1177 hominum
725 1119 904 1192 cognationes
924 1119 961 1177 ad
981 1120 1095 1179 codices
1109 1119 1278 1180 transferam

171 1248 209 1259 -
232 1221 295 1274 erat
314 1232 387 1274 avus
408 1215 559 1289 Gyraldini
579 1219 608 1274 et
627 1231 730 1288 parens
751 1217 899 1289 archetypi
919 1217 1058 1276 secundae
1077 1217 1186 1278 classis.
1214 1219 1280 1279 Jam

169 1314 202 1372 in
223 1312 381 1386 Gyraldlno
401 1312 526 1372 fideliter
539 1317 684 1372 servatum
696 1317 761 1372 erat
773 1312 846 1374 illud
860 1316 1011 1386 ‚‚sastnm“
1024 1315 1094 1374 itam
1107 1315 1137 1372 in
1151 1317 1279 1390 margine
1390 1357 1392 1362 ,

170 1411 307 1485 positum:
329 1416 430 1469 contm
453 1443 489 1452 -
510 1410 542 1468 id
561 1410 638 1482 quod
658 1408 713 1468 fuit
732 1407 792 1470 fero
805 1411 1028 1484 exspectandum
1043 1445 1079 1458 -
1093 1413 1230 1474 omisenm
1244 1415 1280 1474 ab

171 1509 323 1582 archetypi
354 1508 495 1567 secundae
527 1506 626 1568 classis
650 1507 745 1566 scriba
768 1508 1030 1584 neglegentissime,
1062 1510 1112 1581 qui
1132 1526 1167 1568 ne
1188 1511 1282 1584 ipsum

173 1605 286 1678 quidem
310 1609 421 1664 textum
443 1606 578 1677 curabat,
599 1606 702 1664 nedum
721 1606 752 1662 in
771 1606 898 1678 margine
916 1607 1024 1679 posita!
1056 1606 1214 1667 Praeterea
1233 1625 1281 1668 cx-

171 1711 294 1762 tremnm
314 1719 413 1762 sersus
433 1703 602 1762 vocabulum
617 1703 808 1776 corruptelam
822 1708 1006 1763 contraxerat
1019 1703 1048 1761 in
1061 1705 1183 1777 utroque
1196 1705 1281 1765 libro.

173 1801 306 1860 Habebat
337 1801 430 1874 igitur
462 1800 653 1874 interpolator
681 1800 758 1858 hnnc
786 1804 896 1858 textum
917 1787 1120 1873 „prospecta-re
1141 1802 1227 1861 chaos
1248 1818 1283 1861 ac

172 1898 235 1958 sine
257 1898 314 1958 fine
335 1898 456 1958 ruinae“
477 1898 543 1974 (⁸ac’
564 1899 748 1972 neglegenter
767 1897 891 1970 positum
911 1902 973 1956 crat
993 1914 1011 1956 a
1031 1899 1125 1958 scriba
1144 1915 1197 1973 pro
1218 1905 1279 1958 tra-

175 1997 235 2055 dito
258 1995 325 2071 ίιιι).
353 1996 418 2054 Jam
433 1996 510 2054 vocis
527 1995 662 2068 ,‚proonl‘·
676 2011 748 2066 quae
762 1994 851 2052 fucrit
864 1995 954 2068 origo,
970 1996 1019 2052 vix
1033 2011 1103 2068 opus
1117 2001 1161 2055 cst
1175 1996 1284 2063 dicerec

172 2099 255 2153 tenes
279 2093 384 2152 iterum
410 2108 520 2150 meram
544 2092 758 2167 interpolatoris
783 2097 874 2150 artem
899 2097 1084 2166 provocatam
1104 2094 1284 2154 claudicante

174 2198 277 2250 metro.
318 2191 446 2265 Legerat
470 2196 566 2249 antem
592 2191 622 2249 id
646 2191 738 2264 ipsum
762 2191 931 2250 vocabulum
952 2175 1096 2263 ,‚procul“¹
1113 2193 1143 2250 in
1162 2207 1190 2252 v.
1214 2193 1283 2250 127:

174 2289 274 2361 itaque
294 2305 392 2347 recens
414 2292 478 2347 erat
499 2293 528 2348 et
548 2289 684 2362 proclivis
703 2288 764 2347 eins
784 2289 863 2347 vocis
882 2288 919 2346 ad
932 2288 1101 2360 explendum
1114 2305 1228 2348 versum
1240 2307 1284 2350 re·

174 2386 313 2445 cordatio.
337 2419 373 2430 -
395 2387 431 2444 In
451 2403 478 2446 v.
506 2387 564 2444 253
583 2385 706 2444 vidimus
725 2385 969 2457 interpolationem
990 2390 1083 2443 ortam
1104 2402 1167 2445 csse
1182 2388 1286 2445 omissa

176 2484 320 2556 particula
341 2487 444 2557 „qne“.
492 2484 571 2543 Idem
601 2483 679 2542 cadit
706 2483 738 2541 in
756 2499 783 2542 s.
805 2483 876 2540 271:
909 2482 1072 2562 reperiebat
1091 2483 1120 2540 in
1142 2483 1214 2542 libro
1236 2500 1286 2542 suo

176 2582 368 2654 interpolator
389 2582 512 2652 „horrea
533 2583 598 2639 ut“:
621 2580 793 2654 particulam
814 2581 907 2651 „que“
927 2579 1081 2653 neglegens
1102 2579 1197 2639 scriba
1217 2581 1287 2639 omi·

177 2683 267 2738 serat:
291 2679 423 2737 claudum
444 2683 568 2737 metrum
588 2678 743 2736 sanabatur
762 2677 878 2750 appicta
897 2676 935 2735 ad
954 2677 1084 2736 voculam
1104 2680 1175 2749 „nt‘
1195 2678 1289 2737 vocali

180 2776 217 2835 ‘i'.
259 2777 316 2836 Sed
348 2793 384 2834 ne
413 2792 487 2836 unns
519 2775 631 2847 quidem
657 2791 692 2834 ex
711 2774 1019 2842 ommbuseditoribus
1037 2777 1149 2832 textum
1168 2775 1289 2848 praebet

177 2890 237 2932 non
256 2874 469 2946 interpolatum.
498 2873 604 2932 Totum
623 2877 718 2931 aurem
737 2887 850 2930 sarsum
869 2870 992 2944 probata
1004 2870 1176 2930 Bsctrrentis
1189 2888 1286 2932 emen-

177 2972 295 3031 datione
311 2972 356 3030 aio
375 2971 452 3045 lego:

318 3103 495 3176 „horreaque
516 3106 550 3161 ut
569 3107 669 3162 satura
691 3106 721 3161 et
740 3106 868 3160 tumeant
888 3107 922 3159 ut
942 3100 1019 3159 dolia
1038 3105 1151 3162 muoto“

180 3236 249 3312 (que
269 3281 277 3294 .
300 3281 309 3296 .
332 3280 338 3294 .
361 3240 391 3294 et
411 3259 445 3279 =
468 3235 602 3295 ronchi.
625 3278 631 3292 .
655 3281 662 3298 .
684 3235 726 3294 als
756 3232 851 3308 auch).
893 3233 988 3294 Habet
1015 3235 1090 3296 enim
1115 3233 1289 3308 (iymldinus

180 3339 298 3403 „satura
318 3337 451 3392 tumeant
471 3336 531 3406 ut“,
555 3333 646 3392 ceteri
664 3331 732 3392 libri
746 3335 895 3404 „saturent
906 3335 1035 3390 tumeant
1048 3333 1106 3392 ct“.
1135 3331 1189 3392 Est
1201 3332 1290 3405 igitur

179 3449 245 3492 mea
265 3447 377 3506 qnoque
400 3431 546 3490 sententia
559 3430 689 3490 hocloco
703 3429 839 3490 momoria
849 3429 975 3488 omnium
989 3429 1119 3490 codicum
1132 3428 1290 3490 scribarum

183 3529 361 3604 neglegentia
386 3533 534 3601 corrupta.
581 3526 745 3600 Usurpetur
768 3532 864 3586 antem
884 3526 1030 3586 mutandi
1049 3523 1168 3586 verbum
1187 3525 1291 3599 ntique

181 3643 201 3684 a
233 3626 371 3686 Romanis
406 3626 557 3686 transitivo
597 3640 679 3685 sensu
718 3624 773 3695 ita,
814 3629 847 3682 ut
879 3639 991 3697 semper
1022 3624 1061 3686 sit
1099 3623 1175 3686 idem
1213 3625 1291 3698 prod

181 3723 377 3798 „complerc“,
413 3739 558 3795 nunquam
590 3722 665 3782 idem
698 3722 773 3794 quod
806 3721 990 3795 ,pompleri‘t
1043 3719 1088 3782 At
1120 3721 1228 3795 ‚animi
1262 3727 1292 3782 ct

184 3837 307 3896 corpora
341 3821 447 3879 horrea
479 3823 627 3892 saturant‘
660 3835 743 3878 nemo
773 3819 846 3880 dicit
878 3818 998 3880 sobrius.
1045 3817 1182 3886 Accedit,
1213 3818 1291 3891 qnod

182 3917 282 3978 statim
307 3916 386 3976 aliud
410 3916 500 3976 habes
533 3915 691 3974 subiectum
723 3915 849 3988 ‚,dolia“‚
877 3931 953 3987 'quaa
979 3914 1172 3976 subiectorum
1199 3915 1292 3975 subita

184 4015 306 4076 mutatio
326 4013 381 4074 etsi
397 4013 535 4086 exemplis
547 4029 603 4071 non
616 4014 702 4086 plane
715 4019 802 4084 caret,
824 4017 920 4072 tamen
933 4017 977 4070 est
989 4012 1160 4074 dunmculc.
1189 4012 1292 4074 Omnes

183 4112 272 4185 igitur
292 4116 412 4186 praeter
426 4112 616 4170 Baehrentem
638 4110 761 4169 editores
780 4110 853 4168 male
873 4125 935 4168 rem
955 4109 1045 4184 egisse
1057 4110 1204 4170 indicandi
1216 4114 1290 4182 sunt,

180 4210 261 4281 qnod
283 4212 455 4282 ‚anturent“
476 4210 507 4270 iu
527 4213 690 4267 contextum
708 4211 886 4280 receperant
926 4207 1144 4267 Gomadsndnm
1163 4224 1230 4267 sane
1249 4213 1294 4266 cst

1081 4319 1098 4374 3
