3108 5202
291 828 421 887 hiatibus·
430 828 602 901 prospirant,
625 827 661 886 ci.
679 828 832 901 „Ausland
856 827 1188 900 181111111511,
1210 827 1256 886 die
1266 827 1397 886 Wetter-

290 926 389 985 lochen
401 927 431 983 in
445 925 500 985 den
509 926 631 998 Alpem‘,
646 941 730 997 quem
744 926 837 987 locum
849 924 996 982 laudatum
1011 924 1128 982 invenio
1143 925 1173 982 in
1187 929 1399 997 programmate

289 1023 443 1097 liebringii
462 1021 583 1098 priore¹)
607 1022 670 1092 „die
683 1021 886 1094 geologiscben
898 1021 1125 1093 Anscbeuungen
1140 1021 1190 1080 des
1205 1019 1399 1093 Philosophen

293 1120 412 1193 Seneca,
433 1119 647 1187 Wollenbnttet
670 1121 764 1178 1873“
788 1136 815 1192 p.
838 1120 885 1179 36.
926 1119 1002 1177 Audi
1016 1122 1045 1178 et
1055 1117 1225 1177 Scbillerum
1245 1119 1277 1176 in
1291 1119 1397 1178 Tellio:

400 1217 478 1287 ,Der
496 1232 586 1290 11111
606 1217 752 1289 Thalrogt
772 1217 889 1289 lmmmt,
911 1215 1012 1288 dumpi
1030 1216 1118 1275 brullt
1139 1215 1191 1274 der
1210 1215 1291 1286 Firn,

394 1315 455 1374 Der
473 1301 668 1387 Mythenstein
693 1314 770 1372 nieht
789 1314 868 1372 seire
887 1314 990 1371 Haube
1010 1330 1048 1372 an

395 1411 461 1471 Und
481 1412 543 1469 kalt
563 1412 615 1470 ber
633 1412 712 1470 11111
732 1428 762 1470 es
782 1426 833 1469 aus
853 1411 917 1469 dem
937 1411 1145 1478 Wetterloch“‚
1219 1483 1223 1492 Ι

290 1513 320 1568 11
339 1508 514 1567 Tscbudium
535 1509 566 1565 in
584 1507 668 1581 libro,
693 1509 742 1580 qui
762 1507 928 1566 inscribitur
951 1507 1018 1575 ,das
1032 1507 1206 1566 Thierleben
1227 1507 1279 1564 der
1288 1504 1400 1578 Alpen-

290 1605 383 1669 welt“.
408 1604 530 1678 Lipsiae,
554 1605 638 1676 1875,
659 1621 686 1678 p.
709 1604 755 1663 28.
788 1603 933 1662 Interdum
946 1620 1014 1662 sane
1025 1603 1062 1661 ad
1075 1607 1187 1676 tempus
1201 1604 1399 1663 tantummodo

289 1705 400 1778 spirant
419 1702 497 1761 renti
518 1701 715 1774 perforamen
735 1700 858 1772 aliquod,
880 1701 957 1771 quod
981 1700 1036 1758 sibi
1056 1700 1113 1772 ipsi
1133 1717 1271 1772 paravere
1296 1701 1325 1757 vi
1346 1717 1400 1760 sua

289 1806 397 1860 terram
416 1799 638 1872 perfringentes,
670 1798 707 1858 cf.
729 1798 764 1856 N.
786 1799 819 1870 Q.
841 1798 894 1868 VI,
920 1799 964 1869 17,
988 1799 1015 1856 3.
1049 1831 1084 1840 —
1115 1799 1176 1856 Iam
1207 1815 1276 1856 vero
1307 1799 1400 1857 omnis

290 1903 388 1956 terrae
408 1901 502 1955 motus
522 1902 552 1956 et
570 1896 764 1954 vulcaniorum
784 1896 894 1968 ignium
914 1895 1072 1968 eruptionis
1087 1896 1226 1967 primaria
1247 1911 1333 1953 causa
1353 1901 1400 1954 est

290 1995 445 2068 spiritus
462 1992 482 2053 i.
494 2009 518 2053 e.
530 2009 581 2051 aer
590 1993 712 2066 agitatus
725 1991 773 2069 (N.
785 1993 817 2064 Q.
829 1992 867 2064 H,
882 1995 907 2063 1,
921 1991 952 2067 3)
963 2008 998 2050 ex
1008 1993 1119 2050 Aetnae
1131 1993 1257 2051 auctoris
1267 1993 1402 2051 doctrina

288 2107 343 2150 non
354 2093 446 2150 minus
456 2107 541 2164 quam
552 2091 683 2162 Senecae,
699 2091 748 2162 qui
764 2096 807 2148 est
816 2090 1001 2162 gravissimus
1017 2106 1167 2148 consensus
1180 2091 1311 2161 omnium,
1324 2106 1399 2162 quos

287 2189 385 2262 aliero,
416 2205 482 2247 nam
512 2188 673 2246 dominatur
698 2204 749 2260 per
769 2193 861 2246 totam
880 2185 1004 2247 Aetnam
1025 2193 1055 2246 11
1081 2203 1135 2260 per
1160 2192 1254 2246 totum
1283 2192 1397 2246 sextum

286 2287 390 2346 librum
403 2287 575 2346 naturalium
590 2287 797 2357 quaestionum:
811 2286 866 2344 loci
880 2286 1009 2359 primarii
1023 2293 1089 2345 sunt
1103 2285 1201 2344 Aetna
1213 2303 1239 2343 v.
1258 2287 1313 2343 153
1328 2302 1395 2358 sqq:

396 2401 489 2470 ,Hinc
509 2406 604 2458 terrae
624 2407 742 2468 tremor,
766 2401 832 2459 binc
852 2407 957 2472 motus,
984 2402 1033 2458 ubi
1054 2402 1157 2460 densus
1178 2401 1291 2460 hiantes

394 2495 518 2570 Spiritus
541 2497 670 2569 exagitat
690 2513 775 2555 venas
796 2499 991 2570 cessantiaque
1012 2502 1121 2571 11111.ιζ

287 2617 318 2671 11
336 2612 373 2673 N.
397 2612 429 2685 Q.
453 2613 500 2685 VI,
523 2613 570 2684 24,
595 2615 623 2670 1:
668 2610 857 2683 ,Spiritum
878 2628 938 2671 esse
959 2613 1044 2670 huius
1064 2613 1133 2671 mali
1155 2628 1269 2671 causam
1291 2613 1397 2686 etipse

287 2711 464 2781 consentio“,
496 2709 547 2782 VI,
569 2711 616 2777 21,
640 2712 669 2766 1:
713 2709 819 2778 ,Nobis
850 2725 961 2781 quoqne
995 2710 1091 2782 placet
1121 2711 1196 2768 hunc
1227 2710 1396 2783 spiritum

288 2823 358 2878 esse,
380 2807 428 2877 qui
447 2805 539 2880 possit
558 2811 641 2865 11111
651 2805 777 2876 conari“,
799 2806 837 2878 Π,
861 2808 890 2865 8:
927 2807 1124 2879 ,Quidautem
1140 2812 1193 2875 est,
1215 2806 1292 2880 quod
1305 2809 1397 2880 magis

288 2903 421 2961 credatur
452 2920 486 2962 ex
507 2921 537 2962 11
557 2904 618 2976 ipso
638 2903 743 2961 habere
763 2903 963 2977 intentionem,
989 2921 1074 2976 quam
1103 2905 1272 2977 spiritns?
1313 2905 1398 2964 Hunc
1440 2953 1444 2960 .

287 3000 398 3059 intendi
422 3001 485 3071 quis
508 2999 637 3072 negabit,
672 3017 736 3059 cum
759 3001 863 3059 viderit
892 3002 995 3060 iactari
1017 2989 1128 3060 'terram
1156 3019 1220 3060 cum
1243 3002 1397 3073 montibus,

287 3102 367 3157 tecta
395 3114 556 3171 murosque,
592 3114 707 3171 magnes
737 3093 801 3156 curis
829 3099 941 3171 populis
971 3100 1070 3171 urbes,
1103 3115 1167 3156 curn
1197 3101 1267 3158 totis
1304 3100 1398 3158 maria

286 3193 450 3255 litoribus?“
474 3227 512 3238 -
533 3195 962 3269 71146-14911111111111,
985 3196 1061 3268 quod
1082 3197 1152 3270 legis
1168 3197 1245 3270 apud
1256 3198 1396 3257 Senecam

287 3290 324 3354 N.
344 3273 377 3366 Q.
398 3293 449 3365 VI,
473 3296 517 3364 17,
540 3295 571 3351 A:
617 3294 712 3361 ,Idem
732 3294 835 3366 spiritu
854 3294 900 3366 fit,
929 3295 1053 3366 quiquo
1074 3295 1215 3352 valentior
1236 3293 1396 3367 agiliorqne

288 3394 344 3464 est,
366 3391 451 3449 citius
470 3391 584 3464 rapitur
604 3397 634 3450 et
653 3392 846 3451 vehementius
866 3397 978 3465 septum
999 3409 1081 3450 omne
1102 3392 1272 3451 disturbat.“
1315 3393 1394 3452 Huic

288 3488 353 3547 loco
375 3504 392 3546 a
411 3485 520 3548 Jacobo
540 3489 656 3547 laudato
677 3490 751 3548 alter
771 3490 984 3562 subiungendus
1005 3495 1056 3556 est,
1080 3506 1163 3562 quem
1183 3487 1396 3549 Wemsdorfius

288 3585 451 3658 advocavit,
482 3586 518 3644 N.
541 3585 573 3658 Q.
595 3586 644 3658 VI,
669 3587 714 3657 14,
736 3588 754 3644 3
776 3591 806 3644 11
826 3586 853 3644 4.
895 3586 957 3645 illis
986 3591 1082 3644 autem
1102 3587 1240 3646 Aetnaeis
1267 3587 1399 3646 versibus

289 3682 363 3741 hanc
382 3682 477 3743 tribue
500 3683 721 3742 distinctionem:

387 3780 478 3849 ,Nam
499 3797 553 3852 qno
574 3779 691 3839 liberior
711 3796 822 3851 quoque
842 3783 886 3837 est
906 3781 1057 3838 animosior
1080 3780 1181 3854 ingens

382 3876 505 3950 Spiritus
531 3909 566 3920 -
592 3877 710 3936 inclusis
729 3894 781 3935 nec
801 3878 893 3936 ventis
912 3879 1028 3951 segnior
1047 3879 1092 3936 ira
1113 3883 1156 3937 est

381 3974 439 4035 Sub
460 3980 541 4034 terra
560 3975 728 4048 penitusque
748 3979 861 4033 movent
884 4009 919 4028 -.
940 3977 994 4034 hoc
1014 3976 1099 4049 plura
1119 3992 1234 4036 necesse
1254 3982 1298 4036 est

382 4061 484 4132 Vincla
504 4071 593 4144 magis
613 4071 732 4145 solvant,
754 4073 842 4146 magia
863 4075 918 4132 hoc
938 4073 1083 4132 obstantia
1103 4074 1229 4146 pollant“

360 4253 382 4326 ¹)
404 4255 502 4310 Altera
519 4271 584 4324 pars
602 4255 706 4326 publici
721 4255 789 4310 iuris
807 4253 880 4311 iacta
897 4259 941 4312 111
958 4257 1047 4312 tribus
1066 4257 1145 4313 annis
1163 4259 1240 4328 post:
1273 4260 1400 4315 ceterum

307 4354 344 4397 un
364 4343 429 4398 suut
445 4341 558 4398 inutiles
577 4343 629 4398 hae
647 4342 793 4412 Nebringii
811 4345 1066 4404 commentationes.
