3108 5202
702 643 920 708 „33-

257 853 372 927 ohetypi
397 855 537 913 secundae
562 855 674 928 classis,
706 872 770 913 oum
795 853 912 912 uberius
938 868 1081 925 exponere
1113 869 1214 925 pamm
1234 853 1366 911 videatur

256 951 442 1017 fructuosum,
465 953 535 1010 satis
555 952 666 1010 habebo
687 952 858 1024 gravissima
871 951 1009 1022 quaedam
1031 950 1157 1008 adhunc
1170 951 1365 1021 quaestionem

256 1050 430 1121 pertinentia
455 1067 491 1108 ex
511 1050 623 1108 schedis
648 1050 719 1108 meis
744 1050 792 1106 1111
812 1065 971 1122 proponere
997 1049 1154 1121 paucisque
1185 1048 1367 1107 adumbrare.

259 1144 306 1204 Ao
319 1146 442 1218 primum
456 1147 570 1219 quidem
583 1147 679 1206 scriba
692 1147 741 1205 ille
755 1151 865 1204 textum
880 1151 948 1204 ante
963 1147 1060 1204 oculos
1073 1145 1176 1203 habuit
1188 1161 1365 1216 nequaquam

261 1243 458 1317 incorruptum
472 1261 505 1302 ao
519 1246 671 1304 sincerum:
694 1244 777 1302 huius
791 1245 834 1302 rei
855 1244 986 1315 exempla
1000 1243 1112 1310 adsunt,
1135 1242 1367 1313 quotiescumque

260 1342 398 1399 memoria
419 1342 571 1414 Gyraldini
592 1346 725 1400 accurate
751 1342 876 1399 concinit
900 1358 964 1398 cum
985 1341 1087 1399 ceteris
1112 1340 1194 1398 libris
1219 1345 1250 1397 et
1270 1345 1365 1398 11111111

259 1439 405 1497 reicienda
419 1443 463 1498 est
476 1439 571 1511 lectio,
594 1455 618 1499 1.
633 1457 677 1512 gr.
695 1439 797 1498 ‘causa’
814 1437 906 1514 (152),
923 1439 1032 1497 ‘causis'
1047 1438 1141 1514 (158),
1158 1436 1363 1512 1111111071),

152 1589 159 1604 ,
259 1535 354 1594 ι11111
367 1535 460 1611 (182),
475 1535 590 1594 ‘arcent'
602 1537 697 1611 (194),
711 1535 837 1594 ‘tantum'
849 1536 944 1611 (206),
952 1535 1093 1593 ‘robustis’
1099 1534 1193 1610 (209),
1208 1533 1363 1593 ‘inflatis-

259 1633 460 1691 nomen—aer’
483 1633 567 1709 (213)
582 1638 638 1696 ete.
679 1634 742 1692 Hae
762 1633 852 1706 igitur
873 1633 1051 1705 corruptelae
1073 1636 1138 1690 sunt
1158 1633 1365 1691 vetustissimae

258 1745 365 1790 omues.
407 1731 462 1788 Hic
482 1731 542 1788 illic
562 1730 668 1804 scriba,
701 1748 774 1802 quae
794 1731 852 1788 iam
872 1731 902 1787 in
928 1730 1083 1802 exemplari
1104 1730 1228 1800 aliquam
1249 1735 1367 1800 corrup·

258 1826 346 1884 telam
367 1831 577 1900 contraxerant,
599 1829 691 1900 magis
712 1827 798 1886 etiam
817 1828 954 1900 corrupit,
975 1828 1055 1886 velut
1078 1833 1198 1897 „vacant
1218 1826 1361 1884 hiatibus“

258 1923 342 1999 (162)
368 1940 510 1995 provere
532 1927 664 1998 „vagant”
685 1925 888 2000 (=vagantur)
910 1925 1054 1983 hiatibus“
1083 1925 1232 1997 descripsit
1262 1929 1367 1996 „vacat

255 2021 318 2078 hiat
337 2021 493 2097 impetus“;
518 2039 603 2094 „pars
622 2025 686 2080 est“
707 2022 794 2097 (214)
815 2023 935 2080 obiitin
956 2023 1083 2095 ineptum
1104 2021 1176 2080 illud
1197 2038 1272 2094 „par
1292 2025 1364 2093 est“,

217 2191 219 2194 Ι
257 2119 331 2190 quod
353 2119 478 2176 editores
499 2119 549 2176 diu
570 2119 644 2177 male
665 2120 794 2190 vexavit;
816 2136 868 2191 pro
890 2125 1025 2192 corrupto
1053 2120 1171 2192 „quovis
1193 2123 1254 2178 est“
1277 2119 1364 2195 (273)

254 2215 348 2287 pinxit
363 2232 439 2286 „qua
452 2217 544 2274 risum
559 2219 634 2288 est“;
656 2233 709 2290 pro
724 2216 846 2275 absurdo
862 2217 1022 2288 „multum“
1037 2215 1130 2291 (277),
1152 2216 1201 2273 ubi
1216 2218 1363 2288 „mutum“

255 2329 319 2370 cum
339 2314 466 2387 Hauptio
487 2315 695 2387 reponendum,
727 2314 876 2374 substituit
903 2315 1046 2387 „multos“
1069 2324 1123 2373 etc.
1165 2314 1222 2372 Sed
1243 2314 1298 2372 etsi
1317 2313 1365 2372 hic

254 2410 314 2468 illic
334 2413 512 2484 corruptelas
526 2412 626 2470 habuit
646 2413 872 2471 vetustissimum
885 2412 958 2470 illud
972 2412 1126 2485 exemplar,
1148 2412 1178 2468 in
1198 2412 1362 2469 universum

254 2513 351 2567 tamen
382 2527 417 2568 11
436 2509 493 2568 fuit
522 2512 712 2584 praestantia,
744 2517 789 2583 ut,
823 2511 974 2569 dummodo
1006 2511 1102 2581 aliqua
1133 2509 1362 2582 diligentiorem

257 2607 359 2679 egisset
389 2608 484 2666 scriba
515 2609 663 2681 archetypi
694 2608 833 2667 secundae
865 2608 977 2676 classis,
1010 2607 1040 2664 in
1061 2607 1171 2680 optima
1201 2605 1363 2664 conditione

254 2709 420 2762 versaretur
449 2705 536 2763 hodie
556 2722 602 2763 res
634 2705 742 2763 critica.
784 2703 841 2763 Sed
866 2705 923 2762 iam
948 2702 1024 2777 finge
1051 2704 1106 2762 tibi
1126 2704 1282 2775 hominem,
1314 2703 1364 2773 qui

253 2801 414 2859 incredibili
441 2807 527 2872 atque
547 2801 677 2859 inaudita
702 2801 880 2874 neglegentia
901 2801 1083 2874 descripserit
1114 2801 1262 2872 exemplar
1282 2816 1363 2858 suum

254 2903 358 2970 poetae
390 2903 513 2956 mentem
544 2914 601 2955 non
633 2896 716 2956 flocci
749 2897 855 2957 taciens
885 2899 915 2955 in
950 2898 1143 2957 describendo.
1194 2895 1362 2969 Complures

254 2994 435 3067 corruptelae
456 2996 541 3053 aliter
561 3012 619 3052 non
634 3002 757 3068 possunt
777 2995 915 3068 explicari
930 2996 1052 3067 omnino,
1075 2995 1129 3053 nisi
1150 2994 1200 3066 ita,
1224 2999 1256 3052 ut
1269 2994 1363 3053 scriba

253 3092 303 3150 ille
324 3109 379 3149 uuo
394 3094 539 3150 oculorum
559 3093 658 3151 obtutu
679 3093 827 3152 duodecim
847 3095 894 3151 vel
907 3094 990 3166 plura
1002 3093 1089 3152 verba
1102 3092 1187 3152 simul
1209 3107 1244 3148 ex
1265 3108 1361 3150 exem-

253 3190 328 3262 plari
349 3206 398 3247 suo
419 3190 548 3248 hausisse
562 3195 592 3249 et
612 3191 715 3250 deinde
736 3208 770 3250 11
790 3191 940 3264 scripsisse
954 3191 1087 3249 credatur
1107 3190 1158 3248 illo
1180 3206 1237 3248 non
1257 3191 1361 3248 iterum

252 3288 389 3360 inspecto,
411 3286 574 3345 foedissime
596 3304 630 3345 ea
650 3288 821 3360 perturbans
842 3294 928 3359 atque
947 3287 1105 3360 inquinans,
1128 3287 1361 3359 quotiescumque

252 3385 390 3443 memoria
409 3385 560 3442 labebatur
581 3393 611 3443 et
630 3385 705 3444 falsa
726 3394 777 3444 aut
797 3388 870 3445 male
891 3389 991 3445 notata
1012 3386 1217 3459 suppeditabat
1237 3384 1361 3456 fugienti

252 3483 372 3541 calamo.
413 3481 466 3540 Sat
491 3482 581 3540 multa
600 3483 684 3542 huius
716 3484 826 3541 scribae
852 3483 955 3542 menda
986 3500 1096 3542 omnem
1126 3499 1255 3540 normam
1275 3484 1360 3555 plane

251 3578 374 3652 fugiunt:
396 3597 451 3651 quo
473 3578 514 3648 fit,
537 3585 570 3638 ut
582 3597 687 3653 magna
700 3581 781 3639 nobis
795 3581 882 3639 liceat
896 3582 1016 3640 audacia
1036 3583 1080 3639 uti
1093 3583 1124 3638 in
1138 3582 1249 3639 Aetnae
1265 3595 1360 3638 emen-

252 3677 368 3735 datione
385 3678 436 3748 ita,
451 3683 485 3734 ut
497 3676 620 3737 fortiora
632 3678 760 3736 remedia
772 3678 915 3736 interdum
929 3678 1116 3751 praeferenda
1130 3678 1194 3736 fere
1207 3677 1361 3735 rideantur

251 3774 418 3832 lenioribus:
446 3775 499 3832 boo
520 3791 577 3834 non
602 3775 743 3847 permittit
764 3777 868 3849 solum,
896 3776 946 3834 sed
967 3776 1049 3836 docet
1075 3777 1162 3834 etiam
1183 3775 1359 3847 comparatio

253 3870 413 3943 Gyraldini.
455 3872 512 3931 Sed
532 3874 678 3930 mittamus
703 3889 832 3931 normam
852 3873 997 3946 fugientia.
1039 3873 1138 3932 Pauca
1163 3879 1259 3932 tamen
1278 3872 1360 3929 iurat

252 3984 420 4041 componere
440 3969 525 4028 haec:

311 4066 333 4123 I.
356 4066 436 4126 Duos
457 4084 555 4125 versus
581 4067 653 4141 (186
674 4068 796 4143 et236)
824 4072 900 4126 totos
922 4069 1016 4126 omisit
1041 4068 1149 4126 scriba:
1182 4068 1251 4125 licet
1270 4065 1360 4138 igitur

357 4164 388 4221 in
409 4164 585 4223 emendanda
605 4163 699 4223 Aetna
719 4167 836 4224 lacunas
856 4166 1003 4238 suspicari.

303 4261 340 4320 11.
363 4260 415 4319 Sat
434 4279 519 4334 saepe
539 4262 633 4320 scriba
652 4262 764 4336 singula
785 4263 873 4321 verba
894 4262 997 4335 omisit,
1020 4277 1076 4334 qua
1097 4261 1133 4319 de
1153 4278 1186 4318 re
1207 4277 1294 4333 supra
1314 4264 1359 4318 est

357 4359 523 4430 expositum.
