3108 5202
618 623 830 686 ...41-

170 836 290 904 gereret.
332 831 391 892 Sad
409 833 466 891 iam
487 833 647 900 videndum,
669 833 704 892 de
718 836 831 893 Aetnae
851 839 983 907 tempore
1003 835 1093 894 natali
1107 835 1176 906 quid
1188 836 1279 910 possit

171 927 295 986 stabiliri
315 934 400 1001 praet
401 946 474 990 ersa.
516 931 724 990 Senecamt
674 936 724 989 ιιι
725 948 769 991 em
789 931 991 1004 philosophum
1012 948 1076 990 cum
1098 937 1210 991 constet
1229 949 1277 992 ex·

170 1025 270 1083 tremis
287 1032 440 1113 quattuor
447 1027 509 1094 fere
529 1028 574 1086 rel
592 1029 718 1099 quinque
731 1028 816 1086 anais
825 1029 905 1087 vitae
916 1045 995 1100 suae,
1016 1028 1043 1095 ι.
1060 1045 1085 1088 ι.
1100 1029 1177 1087 intra
1191 1044 1278 1088 annos

173 1124 208 1182 61
219 1127 262 1186 ιιι
278 1109 334 1198 65
340 1125 550 1204 conscripsisse
576 1127 757 1197 quaestiones
782 1143 848 1185 suas
873 1126 1077 1185 naturales-
1040 1142 1171 1197 -quae
1195 1125 1281 1184 initio

172 1219 240 1278 libri
260 1221 301 1280 Vl
322 1224 440 1295 exponit
459 1221 576 1294 Seneca,
600 1224 637 1282 ad
658 1240 759 1283 annum
783 1226 869 1297 63p.
891 1223 956 1282 Chr.
979 1239 1006 1280 n.
1032 1221 1182 1281 referenda
1202 1227 1280 1295 sunt,

172 1315 207 1376 ot
222 1324 373 1390 praetcrea
386 1319 473 1378 verba
496 1326 617 1390 ,scnex“
641 1325 670 1380 ιι
686 1326 849 1394 ,senectus“
872 1321 890 1378 l.
907 1321 952 1380 III
965 1321 1055 1394 praef.
1072 1320 1107 1396 ξι
1125 1323 1136 1378 l
1155 1325 1185 1378 ιι
1198 1321 1216 1378 2
1231 1353 1278 1390 -‚

173 1414 200 1472 si
219 1415 291 1474 mihi
311 1420 466 1497 continget,
498 1425 532 1478 ιι
553 1418 687 1498 Senecae
711 1420 775 1498 id
766 1436 859 1493 rpsum
885 1436 957 1502 opus
982 1420 1109 1478 studiose
1134 1420 1193 1478 lect
1180 1420 1281 1478 titasse

173 1508 285 1604 Aetnae
306 1521 452 1575 auctorem
473 1517 662 1576 demonstrem
684 1518 741 1576 et
733 1534 763 1575 ιι
783 1518 934 1591 pangendo
956 1518 1082 1577 carmine
1095 1517 1125 1576 in
1138 1534 1220 1575 usum
1233 1531 1281 1574 vo·

173 1597 261 1678 casse,
283 1614 397 1671 saeculo
419 1614 527 1700 August
528 1629 562 1672 eo
583 1631 639 1672 non
660 1631 743 1686 posse
764 1614 853 1674 asseri
874 1615 1046 1686 poematium
1067 1618 1195 1685 nostrum
1216 1629 1281 1671 con-

173 1709 275 1768 cedere
295 1710 391 1786 nullus
412 1697 563 1784 dubitabis,
597 1711 648 1770 sed
678 1715 773 1769 aetum
804 1727 865 1770 esse
891 1711 926 1768 de
945 1710 1117 1770 Baehrentis
1138 1711 1281 1770 sentemia

174 1801 236 1865 sine
256 1824 336 1866 mora
356 1808 515 1880 intelleges.
558 1809 727 1880 Priusquam
752 1813 861 1880 ιιιιιι,
888 1813 1027 1880 quatenus
1052 1809 1198 1882 conspiret
1217 1825 1281 1866 cum

175 1903 284 1963 Seneca
305 1905 415 1964 Aetnae
436 1911 544 1978 auctor,
568 1906 730 1977 disquiram,
753 1905 915 1964 accuratius
936 1911 1116 1977 pertractare
1136 1907 1166 1964 in
1187 1905 1282 1964 animo

173 2007 227 2074 est,
250 2002 351 2074 quibus
372 2003 465 2062 causis
484 2008 630 2076 permotus
653 2004 810 2074 quibusque
824 2004 997 2076 argumentis
1011 2003 1124 2062 innixus
1138 2002 1282 2076 Augustei

174 2100 240 2158 aevi
270 2100 415 2159 Baehrens
446 2101 606 2174 susceperit
635 2101 835 2174 patrocinium.
877 2101 968 2172 Quam
993 2105 1089 2159 antem
1112 2100 1216 2158 leviter
1235 2099 1284 2158 ιιι

173 2213 236 2256 rem
256 2198 349 2270 egerit
368 2198 413 2255 vir
433 2198 622 2270 doctissimus,
645 2199 745 2256 statim
760 2197 910 2270 splendide
924 2196 1057 2255 elucebit.
1099 2197 1194 2256 Affert
1207 2197 1283 2254 enim

174 2294 216 2352 ιιι
235 2299 267 2352 ιι
287 2295 483 2366 gravissimum
503 2294 588 2366 idque
609 2311 712 2353 novum
724 2295 810 2368 plane
823 2299 1022 2367 argumentum
1035 2294 1283 2352 ratiocinationem
1332 2308 1335 2317 ¹

174 2391 261 2449 hanc:
286 2408 368 2460 ,nam
387 2395 482 2465 poeta,
504 2392 643 2480 quode
652 2393 709 2471 425
716 2408 797 2476 sqq.
798 2392 938 2477 regionis
960 2392 1121 2464 Campanae
1146 2391 1203 2448 vim
1222 2393 1283 2450 vul-
1355 2438 1358 2449 .

175 2489 288 2548 caniam
309 2490 465 2548 extinctam
485 2487 565 2556 dicit,
563 2463 696 2548 idonce
715 2505 829 2547 neccsse
855 2494 899 2548 est
924 2489 1072 2561 scripserit
1096 2493 1163 2548 ante
1190 2504 1218 2546 a.
1244 2491 1282 2548 63

175 2603 203 2660 p.
227 2586 293 2645 Chr.
315 2592 421 2658 natum,
445 2602 509 2643 cum
529 2585 596 2646 inde
615 2587 652 2645 ab
673 2587 761 2646 boct
762 2602 876 2659 empore
895 2587 990 2659 ignem
1012 2587 1153 2660 sepultum
1167 2586 1284 2644 Vesuvii

177 2699 304 2756 oraeque
325 2684 481 2742 adiacentis
501 2685 699 2766 resuscitatum
720 2701 781 2742 esse
802 2684 969 2743 certissimis
989 2683 1088 2757 signis,
1109 2687 1205 2742 terrae
1226 2699 1284 2742 mo-

176 2781 262 2854 tibus,
286 2787 482 2854 cognossent“.
524 2783 709 2855 Deprompsit
730 2787 825 2840 autem
838 2782 994 2853 Baehrens,
1017 2798 1090 2854 quae
1112 2781 1147 2840 de
1161 2781 1284 2840 Vesuvio
1369 2827 1371 2833 .

176 2885 274 2937 monte
294 2881 411 2952 monuit,
438 2896 473 2939 ex
497 2880 560 2952 ipso
586 2880 636 2937 illo
661 2879 743 2937 initio
768 2879 834 2938 libri
855 2880 929 2938 sexti
949 2879 1123 2938 naturalium
1143 2879 1287 2950 quaestio·

177 2991 258 3045 num3
281 2975 469 3036 conferendus
489 2977 577 3035 etiam
599 2975 722 3048 Tacitus,
750 2977 800 3049 qui
824 2993 887 3036 ann.
914 2978 977 3049 XV,
1000 2978 1038 3036 22
1064 2977 1103 3036 ad
1123 2992 1227 3034 annum
1248 2977 1285 3035 63

177 3090 206 3146 p.
227 3070 296 3133 Ohr.
318 3091 344 3131 n.
366 3073 438 3131 haec
457 3073 557 3132 habet:
587 3079 634 3142 ,et
659 3078 739 3131 motu
764 3079 861 3132 terrae
881 3074 992 3132 celebre
1013 3073 1187 3147 Campaniae
1207 3073 1287 3146 oppi-

179 3171 247 3230 dum
268 3170 387 3243 Pompei
412 3186 515 3243 magna
539 3186 575 3228 ιιι
595 3175 680 3242 parte
700 3171 842 3242 proruit“.
872 3169 930 3230 Sed
948 3171 1005 3228 iam
1018 3171 1167 3229 videamus
1180 3185 1287 3242 quaeso

179 3268 272 3326 nostri
298 3267 431 3326 carminis
456 3283 569 3326 versum
596 3282 615 3324 a
640 3265 802 3325 Baehrente
826 3268 889 3326 loco
915 3267 1138 3340 supralaudato
1159 3268 1287 3337 citatum,

180 3367 228 3439 qui
249 3371 292 3426 est
310 3368 378 3426 426.
420 3365 494 3438 Quid
513 3365 629 3424 tandem
650 3364 788 3438 praebent
807 3365 847 3422 ibi
861 3365 993 3424 codices?
1023 3366 1165 3426 Nimirum
1178 3369 1288 3424 textum

179 3465 263 3539 louge
285 3465 380 3525 alium
414 3464 577 3522 mendosum
604 3463 686 3520 illum
709 3463 837 3534 quidem,
866 3462 915 3522 sed
942 3463 1159 3522 emendandum:
1180 3462 1289 3521 habent

180 3563 267 3622 enim:

364 3659 473 3731 ,Cerne
492 3659 563 3718 locis
584 3660 671 3718 etiam
692 3659 797 3718 similes
818 3658 923 3718 arsisse
943 3663 1108 3731 cavernas“,

1356 2375 1363 2419 l

182 3759 257 3830 quod
282 3774 346 3816 eum
369 3764 437 3830 apto
462 3773 546 3815 sensu
572 3760 676 3827 careat,
709 3755 780 3814 ferri
809 3757 916 3829 nequit.
957 3756 1058 3828 Neque
1083 3756 1159 3814 enirn
1181 3756 1286 3826 ,locis“
1364 3731 1368 3788 ἶ

181 3871 252 3916 sana
271 3860 365 3914 menta
386 3852 571 3913 affirmaverit
591 3853 739 3925 quisquam
765 3852 840 3912 idem
866 3854 963 3912 velere
984 3853 1060 3925 quod
1083 3852 1166 3922 ,aliis
1184 3853 1288 3912 locis“:

182 3969 217 4011 ac
236 3969 273 4012 ιι
292 3953 333 4011 ιιι
354 3951 467 4026 quidem
488 3954 579 4009 staret
592 3950 665 4008 illud
679 3951 857 4022 vocabulum,
879 3967 945 4008 nam
958 3951 1033 4022 quod
1047 3951 1174 4022 sequitur
1189 3950 1286 4021 ,illic“

181 4066 298 4110 neeesse
323 4049 429 4108 estad
455 4052 565 4106 certum
590 4047 730 4119 quendam
757 4048 851 4106 locum
876 4045 1026 4115 referatur,
1058 4048 1108 4120 qui
1127 4046 1183 4106 fuit
1201 4049 1232 4106 in
1252 4063 1286 4106 eo

146 4173 150 4186 ·
182 4150 245 4222 ipso
265 4163 358 4219 ιιιιι,
381 4148 429 4218 qui
450 4144 606 4218 praecedit,
626 4145 823 4205 nominandus.
847 4143 953 4212 ,Misso
973 4144 1064 4217 igitur
1083 4144 1190 4204 infelici
1204 4145 1289 4202 Mun-

182 4245 264 4306 ronis
294 4247 451 4304 commento
480 4242 634 4315 videamus,
667 4243 735 4315 quid
765 4242 856 4301 ceteri
886 4241 943 4300 viri
968 4242 1046 4302 docti
1075 4242 1287 4317 proposuerint:

183 4341 308 4403 lacobus
330 4358 433 4414 ,cerne
452 4342 540 4400 etiarn
559 4340 678 4412 Nolae“,
710 4341 854 4414 Sauppius
877 4341 985 4411 ,Nolae
1005 4340 1062 4400 scis
1090 4339 1193 4400 etism“
1217 4344 1290 4399 tem·
