3108 5202
579 608 774 670 ,9-

123 810 248 870 ‘Verum'
269 810 442 885 profitentur
461 814 540 872 solae
561 817 650 872 ames:
672 815 728 873 hoc
748 821 826 875 stare
846 818 996 877 videbatur
1016 820 1128 880 critico.
1163 821 1233 878 Ilico

120 907 211 979 igitur
231 924 329 966 vocem
356 911 472 980 ,‚artes“
499 909 706 970 restituendam
736 917 816 986 ¹ratus
841 920 1004 987 sequentem
1035 932 1150 974 versum
1175 917 1233 976 263

120 1005 164 1062 ita
187 1005 362 1078 immutavit,
393 1011 426 1063 ut
445 1007 617 1066 vocabulum
641 1012 759 1081 ‚‚artes“
783 1010 969 1070 induceretur
999 1014 1139 1071 enuntiati
1169 1003 1235 1071 sub-

120 1101 237 1163 iectum.
279 1102 401 1176 Scripsit
421 1108 517 1161 autem
536 1104 615 1162 haud
634 1105 747 1165 inscite:

261 1199 390 1271 „Tmpel
412 1231 450 1240 -
470 1201 560 1259 silent
580 1206 660 1260 artes
679 1203 752 1261 viles
772 1203 925 1276 inopesque
945 1205 1093 1264 11111111.ιι

121 1295 270 1354 Sententia
289 1295 381 1369 igitur
401 1303 465 1356 erat
489 1299 573 1356 haec:
601 1300 682 1372 „Nos
708 1301 806 1372 pusilli
826 1302 955 1360 homines
976 1317 1095 1373 operam
1114 1301 1235 1359 insumi·

123 1408 185 1450 mus
206 1393 236 1449 in
256 1393 354 1465 parvis
372 1393 466 1462 rebus,
488 1395 571 1454 modo
585 1396 652 1455 inde
666 1398 775 1455 luorum
789 1400 988 1471 percipiamus,
1012 1403 1141 1466 stertas,
1163 1414 1235 1470 quae

122 1488 201 1546 solae
221 1490 352 1549 ueritatis
372 1491 436 1550 luce
456 1492 615 1565 splendent,
642 1494 720 1552 solae
744 1511 842 1553 veram
864 1495 975 1567 spirant
995 1496 1140 1553 hominum
1160 1496 1235 1552 salu-

120 1589 192 1653 tem,
223 1587 294 1646 viles
324 1587 421 1646 iacent
445 1593 531 1660 atque
556 1588 693 1649 abiectae.
733 1590 838 1662 ltaque
868 1607 966 1649 ueram
995 1589 1138 1649 fortunam
1169 1595 1235 1649 ante

121 1682 208 1754 pedes
228 1684 369 1743 iacentem
389 1701 476 1744 caeca
495 1690 592 1744 mente
611 1686 779 1759 transimus,
813 1687 949 1760 augendis
980 1687 1083 1760 opibus
1112 1688 1168 1746 toti
1192 1688 1236 1744 in-

121 1778 270 1852 dulgemus
297 1786 383 1853 etque
409 1767 580 1840 inservimus
609 1784 689 1841 nullo
721 1784 829 1856 labore,
861 1785 942 1842 nulla
973 1800 1061 1855 opera
1092 1783 1235 1843 deterriti.

120 1876 196 1934 Huic
227 1878 385 1936 sententiae
416 1883 568 1952 excerptor
597 1896 697 1938 versus
729 1880 901 1948 259-261,
935 1896 1005 1953 quos
1029 1885 1097 1953 post
1121 1896 1148 1939 u.
1176 1879 1234 1936 219

121 1973 277 2031 1111111111
303 1975 478 2048 reperiebat,
510 1977 553 2035 ita
574 1977 732 2048 subiunxit,
764 1981 798 2035 ut
828 1978 921 2050 primo
952 1979 1015 2037 loco
1036 1994 1149 2036 uersum
1176 1977 1232 2035 261

121 2075 255 2141 poneret,
287 2073 412 2131 secundo
433 2089 545 2132 versum
567 2073 639 2144 259,
669 2075 756 2132 tertio
781 2075 975 2134 1111111260
996 2075 1026 2132 in
1045 2075 1168 2133 sormam
1188 2089 1236 2132 re·

123 2166 238 2224 doctum
258 2168 344 2239 plane
363 2184 468 2227 nouam
487 2170 573 2228 hunc:
599 2187 714 2242 „semen
728 2175 761 2228 ut
774 2171 896 2244 argenti,
920 2176 1075 2243 quaeratur
1096 2176 1128 2228 ut
1148 2185 1237 2229 auree

52 2257 56 2264 ’
124 2268 231 2320 vena“:
263 2269 324 2321 tum
349 2281 418 2324 11111
444 2270 540 2324 cetera
559 2266 626 2324 inde
646 2285 664 2326 a
684 2267 778 2326 uerbis
800 2271 917 2339 „noctes
938 2271 1024 2339 atque
1045 2267 1125 2325 dies“
1146 2282 1236 2337 usque

122 2360 160 2418 1111
180 2360 268 2419 verbe
288 2359 406 2433 „ienilia
426 2365 545 2436 campo“
567 2362 654 2439 (272)
674 2364 782 2422 tradito
804 2363 905 2422 ordine
931 2363 1119 2424 continuavit.
1160 2363 1236 2422 Gon-

122 2457 219 2516 stituit
238 2458 329 2535 igitur
350 2458 450 2518 Gallus
470 2463 582 2519 textum
601 2462 690 2519 huno:

204 2555 261 2613 258
282 2556 482 2628 „Torquemur
501 2557 598 2616 miseri
617 2559 647 2616 in
668 2559 766 2632 parvis
785 2557 996 2630 premimurque
1016 2557 1122 2630 labore,

204 2655 262 2714 262
283 2655 324 2715 Ut
343 2671 405 2714 sese
425 2657 519 2729 pretio
540 2657 691 2725 redimant,
712 2672 869 2729 verumque
890 2655 1037 2730 professae

204 2754 262 2811 263
283 2783 321 2795 -
343 2752 454 2825 Turpe!
475 2785 514 2797 -
536 2755 622 2814 silent
642 2761 719 2814 artes
740 2755 811 2813 viles
830 2755 986 2827 inopesque
1006 2754 1134 2812 relictae.

205 2850 260 2908 261
285 2850 465 2923 Torquentur
485 2842 601 2910 flamma
620 2844 717 2910 terrae
737 2851 868 2925 ferroque
889 2852 1048 2924 domantur,

204 2950 262 3008 219
284 2950 453 3009 Scrutamur
472 2951 560 3010 rimas
581 2957 611 3009 et
631 2952 768 3010 vertimus
789 2965 873 3008 omne
892 2949 1072 3022 profundum,

204 3046 263 3104 260
284 3044 386 3104 Semen
406 3051 440 3106 ut
460 3048 580 3120 argenti,
601 3051 758 3119 quaeratur
776 3050 810 3105 ut
830 3063 919 3105 aurea
938 3061 1018 3104 vena.

205 3145 263 3203 264
283 3144 391 3202 Noctes
411 3148 497 3215 atque
518 3144 579 3202 dies
593 3160 617 3201 e.
634 3160 659 3215 q.
677 3145 720 3202 s.“
755 3143 858 3202 Omnes
871 3144 926 3200 hae
947 3141 1050 3200 turbae
1068 3141 1136 3199 inde
1156 3145 1237 3198 ortae

123 3246 204 3309 sunt,
236 3241 312 3313 quod
342 3242 457 3315 legebat
485 3246 640 3314 excerptor
670 3243 700 3299 in
725 3240 885 3313 exemplari
905 3257 956 3298 suo
976 3255 1151 3311 „verumque
1171 3254 1237 3310 pro-

122 3340 245 3410 fessae“,
277 3339 353 3410 quod
373 3355 438 3396 eum
459 3339 621 3412 commovit,
648 3343 682 3396 ut
702 3340 818 3409 „artes“
839 3336 967 3410 inferret,
995 3338 1030 3395 de
1056 3335 1159 3408 quibus
1179 3349 1238 3391 non

123 3452 218 3495 sermo
239 3439 284 3494 est
303 3435 417 3493 omnino
436 3436 492 3493 hoc
516 3436 593 3504 1111,
625 3434 678 3494 sed
703 3434 815 3493 demum
835 3450 863 3493 v.
885 3435 1027 3505 214111.
1067 3432 1122 3491 Est
1141 3435 1237 3489 autem

123 3539 219 3593 rectus
239 3549 372 3593 1111111111
392 3533 464 3592 ordo
485 3532 610 3592 traditus
630 3534 660 3590 in
681 3533 741 3591 1111
764 3531 935 3605 Gyraldino,
968 3547 1026 3603 qua
1056 3529 1091 3588 de
1116 3545 1148 3586 re
1173 3542 1237 3585 cum

124 3631 306 3691 consentiant
324 3630 411 3689 hodie
431 3630 517 3700 docti,
539 3647 596 3688 non
617 3647 689 3703 opus
710 3634 753 3688 est
771 3629 901 3702 pluribus
915 3627 1070 3686 defendere
1084 3624 1237 3699 Gyraldini

124 3729 300 3789 memoriam
341 3727 442 3799 Neque
461 3741 530 3786 vero
550 3732 631 3786 recte
651 3743 682 3786 se
702 3726 791 3784 habet
810 3725 950 3784 traditum
968 3724 998 3782 in
1012 3723 1142 3782 omnibus
1154 3721 1237 3780 libris

125 3826 294 3884 vocabulum
315 3826 467 3897 „verum“:
499 3840 572 3897 quae
602 3824 678 3883 enim
698 3823 735 3882 ad
757 3821 963 3882 defendendam
984 3820 1112 3880 codicum
1131 3835 1237 3878 memo·

123 3923 198 3982 riom
227 3939 257 3995 p.
288 3923 326 3980 58
348 3921 465 3994 exponit
494 3921 615 3990 Munro,
646 3935 703 3980 non
734 3923 803 3992 apts
833 3922 900 3978 sunt
929 3918 967 3976 ad
996 3917 1237 3990 persuadendum.
1318 3904 1321 3909 ’

123 4019 328 4092 Reponendnm
347 4011 444 4092 potiud
464 4034 529 4077 cum
548 4018 712 4077 Baehrente
736 4015 947 4076 substantivum
967 4016 1131 4089 „lucrum“',
1163 4028 1237 4085 quae

126 4119 171 4172 est
194 4114 342 4173 lenissima
365 4113 530 4174 litterarum
555 4129 608 4172 nec
632 4113 727 4172 minus
747 4111 906 4172 sententiae
928 4111 1074 4184 elegantia
1094 4125 1236 4170 commen-

126 4212 195 4271 data
214 4210 345 4273 111111111.
386 4210 496 4272 Contra
515 4211 645 4285 Machlyi
664 4210 737 4270 illud
758 4211 900 4283 „aurum“
920 4209 1014 4268 minus
1039 4207 1144 4281 placet,
1172 4205 1238 4277 quia
