3108 5202
760 625 971 687 „pp-

309 834 406 891 varias
439 821 578 893 lectiones
611 835 641 891 in
675 834 850 907 marginibus
885 835 1005 892 duorum
1040 834 1244 906 exemplarium
1274 831 1430 890 Parisinae

310 928 427 987 Pithoei
453 931 588 989 editionis
614 931 697 990 docet
717 932 898 988 Bmmannus
918 931 1064 990 Secundus
1089 932 1119 988 in
1145 930 1328 1002 anthologise
1355 945 1430 987 suae

309 1025 433 1084 Latinae
448 1027 571 1099 epistola
585 1027 762 1086 dedicatoria
776 1044 804 1100 p,
820 1028 868 1087 53.
903 1027 979 1100 Quid
993 1027 1084 1099 igitur
1104 1026 1165 1084 veri
1186 1027 1315 1097 similius,
1338 1041 1431 1097 quam

312 1124 459 1194 exemplar
488 1124 562 1181 illud
586 1124 701 1182 Pithoei
731 1124 767 1181 ab
793 1125 855 1196 ipso
879 1123 1001 1182 Heinsio
1031 1124 1236 1195 locupletatum
1267 1139 1343 1190 esse,
1375 1125 1430 1194 qui

312 1220 438 1280 codicem
469 1227 572 1295 rogatu
603 1238 655 1280 suo
686 1223 723 1280 ad
748 1228 860 1295 tempus
885 1227 1037 1294 acceperat
1062 1239 1079 1278 3
1104 1237 1267 1293 possessore
1288 1219 1430 1278 Emstiol

310 1316 360 1374 Ad
380 1333 479 1375 versus
500 1323 596 1376 autem
618 1319 776 1382 avt-287
790 1318 886 1376 varias
905 1317 1043 1376 lectiones
1064 1335 1080 1375 e
1100 1316 1259 1390 fragmento
1280 1317 1331 1374 illo
1347 1315 1431 1372 Lau·

309 1413 442 1471 rentiano
463 1414 598 1472 Heinsius
618 1415 679 1486 ipse
705 1418 874 1472 enotarerat
900 1418 929 1470 et
959 1414 1146 1472 subiunxerat
1175 1415 1211 1472 iis
1241 1411 1427 1483 lectionibus,

310 1523 381 1579 quas
412 1526 448 1567 ex
473 1503 586 1567 Ernstii
616 1509 694 1568 foliis
726 1515 911 1582 excerpserat
936 1510 973 1568 ad
998 1526 1097 1568 versus
1126 1511 1292 1568 138-271.
1333 1508 1430 1566 Paulo

311 1610 378 1678 post
400 1607 490 1664 codex
510 1606 681 1664 Emstianus
694 1606 780 1679 plane
794 1607 938 1665 interiisse
958 1607 1074 1664 videtur
1094 1607 1176 1678 quasi
1196 1605 1310 1664 functus
1331 1603 1429 1663 officio
1504 1621 1505 1662 1

310 1718 371 1760 suo.
417 1703 524 1774 Unum,
562 1703 638 1774 quod
673 1708 836 1775 supererat,
875 1708 937 1761 erat
971 1703 1117 1774 exemplar
1146 1702 1218 1760 illud
1247 1701 1430 1759 Pithoeanae

311 1798 459 1869 editionis,
491 1799 571 1857 cuius
596 1816 742 1871 possessor
768 1800 829 1858 sine
851 1799 937 1858 dubio
957 1800 1019 1872 ipse
1039 1799 1174 1857 Heinsius
1194 1797 1262 1864 1311,
1295 1799 1343 1870 qui
1374 1814 1430 1855 sua

309 1911 396 1952 mauu
416 1912 499 1953 suum
525 1896 615 1967 ipsius
635 1895 750 1954 Aetnae
776 1896 921 1968 exemplar
947 1896 1184 1967 locupletaverat.
1226 1894 1295 1952 Post
1315 1893 1429 1952 Heinsii

310 1996 432 2049 mortem
458 1992 497 2066 (a.
526 1992 616 2066 1681)
641 1992 821 2054 Burmannus
846 1993 942 2050 Maior
971 1993 1054 2050 heres
1084 1990 1139 2049 fuit
1169 2008 1233 2050 cum
1264 1996 1429 2049 ceterorum

312 2088 424 2146 Heiusii
444 2089 583 2147 librorum
594 2094 664 2146 'tum
684 2090 855 2163 exemplaris
881 2089 958 2147 illius
978 2088 1144 2147 Pithoeani:
1177 2092 1245 2159 post
1265 2087 1427 2144 Burmanni

313 2184 434 2244 Maioris
454 2185 515 2245 1313
535 2204 669 2260 suprema
691 2188 728 2263 (3.
747 2187 838 2263 1741)
852 2187 1032 2246 Burmannus
1046 2185 1200 2256 Secundus,
1221 2183 1319 2242 fratris
1339 2182 1425 2254 filius,
1506 2241 1507 2264 3

312 2280 385 2339 illud
405 2285 553 2356 exemplar
573 2284 707 2357 possedit.
750 2284 893 2343 Defuncto
915 2285 1002 2342 etiam
1022 2285 1076 2342 hoc
1097 2283 1135 2359 (a.
1158 2281 1256 2355 1778),
1279 2279 1346 2350 quia
1366 2279 1428 2338 3133

314 2378 468 2437 heredibus
497 2379 565 2448 init,
597 2383 650 2439 sub
682 2382 815 2440 malleum
840 2381 975 2440 'redactus
1002 2386 1047 2438 est
1071 2378 1145 2437 liber
1164 2378 1214 2435 ille
1234 2377 1376 2451 pretiosus
1397 2383 1429 2433 et

314 2479 426 2547 emptor
446 2476 559 2535 exstitit
572 2475 800 2550 Kulenlrampius
820 2477 966 2550 professor
988 2475 1187 2548 Gottingensis
1207 2473 1355 2549 (†1794)‚
1378 2474 1430 2543 qui

313 2571 393 2631 dedit
414 2573 554 2646 discipulo
576 2591 627 2633 suo
648 2575 824 2644 Matthiaeo‚
855 2575 905 2645 qui
932 2581 992 2632 tum
1018 2575 1049 2631 in
1072 2572 1224 2631 seminario
1247 2570 1431 2642 Gottingensi

311 2684 427 2741 operam
454 2671 542 2730 dabat
567 2671 686 2730 Aetnae.
734 2673 791 2730 Sed
822 2673 914 2729 tribus
945 2671 1057 2728 demum
1089 2668 1172 2727 annis
1203 2673 1268 2741 post
1297 2667 1430 2740 magistri
1508 2713 1509 2724 ,

314 2766 423 2823 obitum
437 2766 478 2842 (a.
496 2766 586 2842 1797)
598 2768 778 2826 Matthiaeus
798 2768 830 2824 in
849 2766 993 2824 volumine
1014 2766 1051 2828 59
1067 2762 1426 2835 annaliumLipsiensium,

313 2862 364 2933 qui
394 2863 591 2922 inscribuntur
617 2865 716 2936 „Neue
741 2864 910 2922 Bibliothck
941 2864 992 2922 der
1020 2863 1161 2935 schoenen
1185 2858 1429 2919 wissenschaften

312 2959 370 3016 und
396 2959 448 3018 der
472 2959 572 3032 freyen
596 2962 729 3020 Kiinste“
750 2976 818 3033 opes
844 2977 909 3019 snas
940 2960 1031 3018 doctis
1062 2957 1183 3031 aperuit.
1225 2957 1300 3015 Illud
1331 2960 1428 3014 autern

313 3058 460 3130 exemplar
479 3058 670 3118 Pithoeannm
695 3060 789 3132 ipsum
814 3057 901 3132 paulo
926 3063 992 3129 post
1018 3056 1133 3116 videtur
1154 3056 1333 3128 deperditum
1354 3071 1425 3114 essa.

314 3153 377 3211 Hoc
398 3154 486 3228 igitur
506 3156 638 3213 volumen
660 3156 697 3214 59
719 3156 792 3213 alter
812 3154 876 3214 fons
897 3161 954 3225 est,
988 3151 1022 3212 e'x
1053 3170 1108 3225 quo
1133 3153 1322 3212 hauriendum
1341 3151 1427 3210 hodie

313 3249 416 3311 doctis.
456 3252 503 3312 De
522 3254 614 3312 altero
638 3253 719 3312 fonte
744 3253 842 3310 statim
867 3253 922 3310 erit
948 3252 1108 3310 dicendum.
1149 3250 1225 3309 Ecce
1250 3251 1326 3308 enim
1351 3264 1425 3306 anno

316 3349 407 3419 1756,
439 3348 537 3420 itaque
556 3348 621 3420 plus
641 3365 727 3421 quam
752 3350 942 3422 quadraginta
967 3348 1049 3406 annis
1074 3353 1140 3406 ante
1160 3347 1363 3417 Matthiaeum,
1395 3345 1425 3402 in

313 3451 444 3504 sotorum
464 3444 611 3504 societatis
632 3445 755 3503 Latinae
776 3445 910 3504 Jenensis
930 3461 948 3503 a
965 3444 1098 3503 Walchio
1120 3444 1262 3502 editorum
1281 3441 1425 3501 volumine

313 3544 412 3615 quinto
437 3542 544 3600 sodalis
570 3541 686 3613 quidam
711 3541 748 3600 ad
769 3542 889 3600 eandem
909 3541 1021 3599 Aetnae
1041 3545 1154 3614 partem
1174 3540 1231 3616 (vv.
1256 3537 1425 3613 138-287)

313 3640 428 3698 easdem
459 3637 520 3697 iere
550 3639 688 3698 lectiones
718 3639 903 3711 vulgaverat,
935 3654 1005 3710 quas
1029 3637 1208 3695 Matthiueus
1235 3637 1266 3693 in
1295 3633 1425 3706 margine

317 3735 489 3809 exemplaris
509 3736 554 3794 sui
574 3737 745 3808 reperiebat,
767 3751 832 3792 cnm
848 3735 934 3792 titulo
954 3733 1127 3806 „Lectiones
1145 3732 1253 3792 codicis
1267 3730 1427 3790 Florentini

313 3835 344 3892 in
366 3833 492 3892 Cornelii
513 3832 612 3891 Severi
629 3833 758 3904 Aetna“;
781 3831 878 3890 statim
899 3832 1087 3891 subsecuntur
1106 3830 1244 3888 lectiones
1265 3827 1426 3887 Florentini

312 3930 382 3988 libri
405 3929 480 3988 nude
506 3947 524 3988 a
549 3931 643 3989 sodali
668 3931 784 3990 Jenensi
809 3934 993 3988 enumeratae
1023 3929 1078 4001 ita,
1109 3932 1143 3986 ut
1172 3927 1277 3998 ubique
1307 3926 1426 3998 vulgata

227 4083 231 4092 .
312 4027 397 4087 lectio
423 4028 604 4100 praescripta
630 4028 675 4087 sit.
718 4026 886 4100 Quaeritur,
918 4027 994 4084 unde
1024 4024 1178 4097 sumpserit
1209 4040 1258 4082 eas
1287 4022 1425 4081 lectiones

312 4123 420 4184 sodalis
439 4124 490 4184 ille
510 4125 653 4197 Jenensis,
685 4141 753 4183 num
776 4123 852 4183 forte
879 4140 914 4182 ax
938 4123 1031 4182 altero
1051 4122 1102 4180 illo
1124 4120 1281 4192 exemplari
1301 4118 1422 4190 Pithoei,

311 4239 379 4280 nam
403 4223 539 4282 Heinsius
563 4222 619 4281 duo
644 4223 885 4295 locupletaverat,
917 4220 969 4278 sed
994 4219 1149 4287 noscimus,
1181 4234 1249 4274 uum
1272 4222 1424 4287 utrumque

312 4321 415 4379 libmm
430 4318 570 4380 Aetnaeis
591 4319 770 4379 lectionibus.
813 4316 870 4376 Sed
891 4317 959 4388 quid
979 4315 1077 4388 multa,
1100 4331 1164 4372 cum
1184 4315 1246 4386 ipse
1263 4311 1422 4385 Walchius,
