3108 5202
740 581 957 643 -44-

295 789 332 848 de
351 789 494 848 sententia
514 789 658 850 dubitatio
680 807 742 851 esse
760 808 817 849 non
830 791 936 866 potest)
958 825 983 834 -
1017 791 1091 850 dites
1104 791 1230 863 Locros’,
1253 790 1356 850 inudos
1375 796 1409 850 et

295 886 415 959 praedia
440 891 491 946 tua
515 886 593 947 cirea
618 889 763 956 Locros,
790 889 1015 948 Bruttiorum
1043 889 1189 949 urbem*
1231 888 1409 949 Possidebat

296 984 430 1044 videlicet
450 987 541 1046 Ursus
562 991 612 1046 ant
631 988 700 1060 ipsis
721 988 821 1047 Locris
848 993 900 1046 aut
924 988 954 1044 in
979 988 1140 1047 Locrorum
1160 987 1283 1046 circuitu
1301 986 1408 1047 fundos

297 1088 327 1142 et
346 1083 475 1156 praedia.
516 1084 592 1156 Quid
611 1083 702 1143 vero?
743 1083 862 1156 Statius,
883 1085 908 1144 si
928 1084 1016 1144 Locri
1029 1085 1179 1145 Vulcanlis
1192 1084 1307 1157 ignibus
1325 1085 1408 1144 nullo

245 1257 247 1266 y
297 1181 380 1240 modo
403 1180 523 1242 luissent
543 1182 666 1253 obnoxii,
698 1183 837 1255 quomodo
863 1183 980 1241 tandem
1004 1184 1100 1256 potuit
1124 1183 1190 1242 illos
1215 1199 1313 1242 versus
1338 1199 1408 1240 oon-

297 1277 444 1338 scribere?
484 1279 604 1338 Futtilis
624 1278 715 1351 igitur
736 1284 780 1337 est
793 1279 851 1338 ista
863 1279 1036 1340 Baehrentis
1050 1281 1262 1354 argumentatio
1276 1267 1331 1340 e'v.
1346 1281 1407 1338 426

187 1329 282 1543 s
296 1377 389 1449 petita
410 1381 439 1434 et
459 1381 524 1449 pest
544 1393 648 1436 annum
669 1377 706 1435 63
727 1377 864 1450 scriptam
878 1393 940 1436 esse
953 1379 1077 1436 Aetnam
1097 1379 1245 1450 quominus
1264 1377 1407 1450 credatur,

297 1474 347 1534 ille
369 1474 523 1534 versiculus
543 1490 662 1547 prorsus
681 1473 756 1532 nibil
775 1475 904 1546 impedit.
946 1476 1005 1534 (lnr
1030 1479 1125 1534 antem
1145 1476 1270 1548 Augusti
1290 1475 1409 1548 potissi-

299 1588 376 1630 mum
406 1587 478 1631 aevo
508 1571 637 1646 iniungat
665 1578 767 1645 po'e‘ma
797 1580 932 1643 nostrum,
964 1573 1019 1631 hac
1050 1573 1143 1631 dere
1168 1579 1267 1632 tacere
1297 1573 1409 1645 placuit

298 1669 467 1728 Baehrenti:
499 1669 570 1728 dicit
597 1671 671 1728 enim
696 1670 738 1748 (p.
761 1669 823 1746 31):
848 1713 862 1740 ,‚
886 1713 892 1726 .
917 1714 923 1727 .
945 1687 1036 1742 neque
1055 1671 1085 1728 in
1105 1671 1189 1751 rebps
1210 1671 1300 1743 adest,
1333 1670 1410 1742 quod

298 1784 413 1827 carmon
443 1773 571 1841 tempore
595 1770 742 1842 Augusteo
768 1785 824 1828 non
853 1769 992 1842 scriptum
1017 1784 1079 1827 esse
1103 1767 1288 1826 demonstret
1329 1767 1411 1826 Huic

298 1866 387 1939 igitur
411 1867 526 1924 saeculo
551 1867 700 1939 Augustae
725 1867 827 1926 adsero
854 1867 965 1925 Aetnae
990 1871 1105 1940 poetam
1133 1867 1290 1940 ignotum.“
1337 1863 1406 1938 Our,

300 1978 415 2035 quaeso,
437 1978 495 2020 non
515 1963 624 2021 Tiberii
644 1964 690 2022 vel
711 1962 859 2036 Caligulae
878 1965 924 2022 vel
948 1963 1060 2023 Claudii
1079 1964 1256 2038 temporibus
1271 1963 1410 2036 scriptum

301 2075 362 2120 esse
383 2059 439 2118 sibi
458 2060 600 2132 persuasit
613 2060 759 2120 Baehrens
779 2077 895 2120 carmen
909 2067 1045 2134 nostrum,
1067 2079 1131 2120 cum
1145 2067 1241 2120 tamen
1254 2061 1285 2119 hi
1297 2077 1410 2134 quoque

299 2158 489 2230 imperatores
509 2162 575 2217 ante
596 2175 701 2218 annum
722 2159 760 2218 63
774 2157 901 2217 fuerint?
923 2192 960 2201 —
982 2159 1176 2218 Transeamus
1188 2160 1247 2218 iam
1260 2159 1298 2218 ad
1311 2175 1411 2230 qnaes-

301 2257 410 2314 tionem
440 2257 635 2330 gravissimam
667 2256 832 2329 diligentius
862 2257 1051 2327 tractandam,
1083 2274 1156 2329 quae
1182 2263 1225 2316 est
1255 2257 1290 2316 de
1320 2256 1411 2315 nostri

300 2358 403 2427 poetae
425 2371 488 2412 cum
508 2355 618 2415 Seneca
637 2356 857 2428 conspiratione.

380 2449 490 2511 Seneca
509 2453 540 2510 in
561 2453 694 2526 operibus
715 2453 773 2511 suis
793 2452 927 2510 carminis
948 2453 1038 2511 nostri
1058 2453 1133 2525 qnod
1146 2470 1182 2511 ne
1196 2455 1283 2511 verbo
1298 2452 1412 2525 quidem

242 2535 257 2583 ’Χ
300 2550 474 2609 mentionem
493 2548 571 2623 iecit,
595 2567 658 2609 cum
679 2551 709 2608 in
729 2555 811 2610 sexto
834 2551 956 2608 maxime
977 2549 1051 2608 libro
1072 2550 1247 2608 naturalium
1268 2550 1410 2622 quaestio·

253 2695 256 2703 .
301 2663 377 2719 num,
408 2646 572 2706 sedetiam
597 2648 667 2706 alibi
691 2648 846 2707 sescenties
873 2647 1023 2720 aptissima
1053 2648 1080 2705 ei
1106 2663 1137 2707 se
1157 2646 1268 2706 dederit
1288 2648 1408 2718 occasio,

302 2761 388 2816 quam
408 2745 528 2803 totidem
547 2745 628 2804 vides
648 2746 788 2818 sprevisse
809 2762 880 2818 enm,
903 2761 989 2818 quem
1009 2746 1113 2804 seimus
1133 2745 1249 2804 insertis
1261 2749 1413 2819 poetarum

303 2842 433 2902 versibus
453 2859 613 2901 sermonem
634 2860 715 2901 suum
736 2843 848 2902 variam
869 2849 955 2916 atque
975 2860 1114 2903 exornare
1131 2843 1259 2916 apprime
1272 2841 1413 2902 studuisse

287 2939 351 3016 .(cl.
379 2957 403 2998 e.
430 2957 476 3013 gr.
497 2941 599 2999 Haasii
623 2942 747 3000 indicem
772 2960 794 3003 s.
819 2958 845 2999 v.
870 2941 1032 3014 ‘Vergilius’
1059 2939 1265 3016 et‘Ovidius'),
1289 2939 1413 2998 —inde

302 3039 357 3096 hoc
387 3038 457 3095 mihi
488 3038 601 3096 videtur
624 3056 677 3112 pro
704 3040 862 3098 certissimo
888 3025 965 3098 effici
991 3039 1128 3099 Senecam
1152 3038 1290 3118 poematii
1303 3037 1410 3118 nostri,

303 3136 328 3195 si
340 3139 415 3220 *ante
435 3150 499 3192 eum
519 3134 626 3193 factum
648 3141 700 3210 eat,
721 3139 974 3212 prorsusnnllanr
987 3119 1285 3212 inabiiissenotitiam
1319 3133 1413 3206 Quod

139 3307 147 3322 Ι
302 3232 441 3292 omnino
460 3249 579 3306 parum
600 3235 788 3307 probabile
809 3251 884 3295 esse
905 3236 997 3308 quivis
1017 3235 1158 3309 intellegit
1178 3236 1224 3294 vel
1244 3234 1338 3293 obiter
1351 3248 1413 3290 rem

226 3225 242 3430 s
302 3331 396 3390 animo
416 3331 585 3404 ponderans.
626 3332 683 3391 Sed
703 3333 771 3405 quid
796 3333 903 3392 multa?
944 3335 1010 3395 Non
1030 3337 1146 3407 poterat
1166 3332 1276 3392 novisse
1297 3344 1413 3390 carmen

303 3433 431 3488 nostrum
451 3429 565 3503 Seneca,
588 3431 722 3489 nimbum
743 3432 810 3503 quia
830 3437 897 3505 post
916 3433 976 3492 eius
996 3438 1127 3505 tempora
1148 3434 1243 3488 ortum
1263 3432 1316 3487 est.
1358 3425 1413 3484 (lui

305 3527 410 3586 rationi
432 3527 540 3600 optime
561 3529 701 3602 congruit,
725 3529 801 3601 quod
822 3545 965 3602 exponere
985 3530 1015 3588 in
1035 3529 1130 3587 animo
1151 3532 1195 3586 est
1215 3527 1251 3586 de
1266 3524 1411 3598 oompira-

304 3625 381 3684 tione
405 3626 517 3684 Aetnae
542 3627 668 3685 auctoris
692 3643 755 3686 cum
781 3627 901 3698 Seneca,
927 3627 1008 3687 ouius
1032 3643 1097 3685 cnm
1122 3631 1221 3684 cetera
1245 3627 1414 3697 operatum

304 3724 450 3784 naturales
470 3725 652 3794 quaestiones
673 3725 800 3784 studiose
819 3725 921 3798 legisse
941 3731 1070 3784 nostrum
1090 3725 1188 3784 statim
1208 3722 1263 3780 tibi
1283 3735 1413 3794 compro·

275 3898 277 3902 .
304 3824 386 3884 babo.
429 3823 494 3882 Etsi
515 3823 589 3881 enim
609 3824 664 3882 hoc
684 3823 798 3894 quidem
818 3824 882 3882 luce
902 3823 1017 3882 videtur
1034 3808 1143 3882 'clerius
1163 3819 1300 3895 poematii
1320 3817 1412 3876 nostri

306 3925 450 3981 auctorem
470 3924 648 3994 praesentem
669 3920 775 3979 vidisse
787 3919 913 3980 Aetnam
933 3925 1057 3979 montem
1077 3919 1195 3990 eiusque
1214 3922 1348 3976 naturam
1361 3915 1413 3974 ob·

306 4033 434 4080 servasse
455 4018 571 4089 diutius,
603 4018 639 4077 de
660 4017 752 4077 musis
772 4021 869 4076 minen
889 4017 1076 4090 eruptionum,
1109 4014 1176 4087 quia
1200 4013 1330 4087 profecto
1355 4028 1412 4070 non

305 4122 420 4192 poterat
440 4117 502 4192 ipse
522 4118 553 4176 ln
573 4123 689 4178 cratera
709 4117 887 4190 descendere,
910 4116 978 4189 qnid
998 4117 1125 4189 placeret
1138 4113 1323 4187 philosophis,
1346 4110 1413 4168 dili·

306 4222 409 4292 genter
427 4215 483 4276 fuit
502 4217 794 4291 circumspiciendum.
837 4214 869 4275 Si
888 4220 1048 4302 verobpost
1063 4215 1201 4296 Senecam
1225 4209 1281 4270 fuit
1301 4211 1414 4297 Aetnae

307 4322 415 4392 auctor,
437 4318 543 4378 nullius
563 4318 672 4391 scripta
692 4317 793 4376 melius
813 4317 894 4374 illam
918 4297 1046 4374 discendi
1070 4313 1257 4386 cupiditatem
1281 4313 1416 4383 poterant
