3108 5202
593 633 806 697 ..31-

146 811 234 872 inisse
254 826 392 884 „magnus
412 811 461 882 qui
481 809 533 869 sub
554 809 658 882 duce“,
690 809 765 880 quod
786 813 865 867 recte
887 806 1086 867 aBaehrente
1106 811 1249 867 servatum

146 913 193 968 est
221 908 375 967 substituto
408 907 541 965 nimirum
570 906 695 966 ablativo
725 907 820 980 ,‚quo“
846 922 898 979 pro
919 908 1052 979 corrupto
1077 903 1249 963 nominativo

145 1005 243 1079 ,‚qui“,
266 1020 339 1078 quae
357 1009 419 1064 erat
433 1004 545 1078 prolixa
559 1003 725 1063 emendatio.
759 1001 803 1062 At
815 1019 883 1061 vero
897 1003 926 1060 in
939 1001 1153 1075 interpolatoris
1166 1004 1248 1058 textu

145 1100 257 1160 scribae
276 1101 347 1160 vitio
368 1102 513 1160 exciderat
533 1101 606 1159 illud
627 1101 721 1174 ‚,quo“
742 1101 788 1159 uel
810 1099 898 1172 „qui‘
919 1104 969 1159 aut
983 1099 1069 1158 etiam
1082 1101 1246 1170 evanuerat,

145 1197 274 1258 restabat
298 1198 389 1272 igitur
410 1215 548 1272 „magnos
568 1198 619 1257 sub
641 1197 712 1257 duce
733 1197 840 1255 militat
860 1196 967 1270 ignis‘,
1002 1196 1077 1269 qnod
1098 1195 1249 1254 commovit

152 1296 401 1368 interpolatorem,
431 1299 464 1353 ut
494 1298 590 1354 cetera
619 1294 691 1353 nihil
722 1311 825 1353 curans
854 1293 940 1352 metri
969 1293 1065 1368 gratia
1095 1291 1250 1366 corrigeret

149 1408 355 1466 „magnosque
374 1393 426 1451 sub
447 1392 511 1451 hoc
531 1391 631 1465 duce“‚
653 1391 755 1464 quibus
773 1392 805 1449 in
824 1391 951 1464 vestigiis
971 1395 1085 1464 praeter
1104 1388 1248 1448 Baehren-

146 1493 206 1547 tem
227 1505 321 1550 omnes
341 1490 461 1563 ingressi
481 1493 555 1558 sunt,
576 1493 626 1547 aut
645 1489 828 1548 restituentes
1252 1505 1255 1514 ’

305 1604 372 1678 ‚,hic
391 1604 525 1679 princeps
544 1620 723 1677 magnusque,
746 1604 797 1662 sub
817 1603 872 1662 hoc
892 1603 962 1661 duce
982 1617 1017 1659 m.
1040 1602 1081 1659 i.“

226 1705 276 1760 ιιι
305 1701 373 1774 „hic
392 1702 523 1776 princeps
543 1718 700 1775 magnoque
720 1700 772 1760 sub
791 1701 846 1759 hoc
866 1699 937 1758 duce
956 1717 991 1757 m.
1013 1699 1054 1757 i.“

145 1817 236 1889 Quam
255 1833 322 1877 vero
341 1817 500 1877 incredibili
519 1817 607 1878 fuerit
626 1817 805 1892 neglegentia
824 1817 917 1876 scriba
937 1815 1086 1889 archetypi
1103 1813 1243 1875 secundae

145 1915 252 1982 classis,
273 1914 445 1988 perspicitur
464 1916 495 1974 in
516 1933 540 1974 ι.
564 1917 629 1985 190,
650 1916 700 1988 qui
721 1933 783 1974 oum
805 1915 957 1974 cohaereat
977 1930 1040 1973 cum
1053 1929 1087 1971 eo
1102 1912 1151 1985 qui
1164 1927 1246 1986 prae

146 2012 235 2080 cedit,
266 2012 333 2071 hinc
356 2012 470 2070 initium
494 2029 602 2071 sumam
623 2013 831 2086 disputationis,
873 2012 916 2070 Ac
936 2026 1035 2070 versus
1055 2010 1168 2082 quidem
1190 2009 1246 2070 189

144 2125 245 2168 veram
269 2109 494 2168 emendationem
512 2109 640 2184 Hauptio
666 2110 813 2183 debemus,
845 2110 893 2181 qui
914 2109 1063 2182 Gyraldini
1082 2107 1247 2166 memoriam

145 2207 292 2279 amplexus
312 2223 365 2280 pro
386 2206 541 2280 depravato
563 2207 689 2280 ,‚signis“
710 2206 817 2278 optime
830 2206 959 2264 restitnit
979 2205 1125 2279 „signes“:
1147 2221 1246 2264 sensus

147 2309 251 2377 autem,
273 2320 357 2376 quem
376 2305 519 2377 Hauptius
539 2305 704 2364 coniectura
724 2320 776 2362 sua
795 2304 902 2375 elicuit,
923 2303 970 2361 hic
990 2308 1046 2363 est:
1070 2305 1112 2361 ‘ut
1131 2319 1247 2361 ιιιιιιι

145 2399 298 2476 (adicem
317 2402 455 2474 incendii,
488 2401 524 2460 cf.
546 2418 572 2462 v.
595 2401 665 2476 198)
686 2401 809 2459 incendii
828 2400 980 2474 intellegas
1001 2401 1031 2458 et
1050 2400 1158 2474 signes,
1190 2415 1246 2458 non

147 2513 218 2571 opus
238 2503 281 2557 est
301 2498 354 2558 tibi
374 2500 477 2573 exigua
497 2514 634 2570 quaerere
655 2514 689 2556 ac
709 2497 825 2557 subtilia
846 2497 957 2570 indicia,
979 2497 1063 2556 immo
1085 2497 1172 2555 ‘mille
1193 2498 1245 2556 sub

147 2595 279 2668 exignum
298 2596 412 2656 venient
431 2596 485 2654 tibi
505 2597 626 2669 pignora
645 2594 783 2669 tempus’.'
815 2596 877 2654 Iam
890 2600 1035 2653 corrector
1048 2600 1146 2654 noster
1157 2595 1247 2653 inter·

144 2693 263 2766 polandi
289 2709 385 2752 ausam
404 2693 471 2752 inde
491 2693 642 2767 sumpsisse
662 2693 789 2762 videtur,
820 2693 896 2765 qnod
915 2692 1079 2767 reperiebat
1098 2692 1130 2750 in
1149 2708 1245 2750 exem·

143 2790 218 2864 plari
238 2805 303 2849 suo:

302 2921 380 2979 „non
399 2906 479 2964 illem
499 2921 586 2979 parvo
606 2911 658 2965 ant
677 2906 757 2966 teum
776 2907 953 2965 discriminas
972 2907 1085 2979 ignes“:

145 3021 297 3094 neglegens
327 3021 420 3083 scriba
443 3021 601 3080 litterulam
626 3022 656 3081 ‘s’
676 3037 826 3095 perperam
846 3021 1020 3094 paenultimo
1039 3037 1139 3080 versus
1159 3037 1244 3080 voea-
1342 3096 1345 3106 Ι

144 3118 211 3177 bulo
232 3117 411 3191 appinxerat.
446 3118 564 3178 Sensum
585 3124 680 3177 autem
699 3119 771 3176 nihil
791 3134 893 3178 curans
914 3118 1035 3178 credidit
1054 3118 1243 3191 interpolator

146 3215 362 3288 „discrimines“
383 3215 457 3273 male
477 3215 614 3289 scriptum
635 3232 696 3274 esse
718 3233 735 3274 a
755 3216 849 3275 scriba
868 3232 920 3289 pro
940 3215 1072 3289 genetivo
1086 3215 1242 3289 „discrimi-

145 3313 217 3380 nis“‚
239 3301 323 3383 quem
343 3311 440 3371 statim
460 3313 588 3373 refinxit:
608 3312 665 3370 iam
687 3313 827 3372 adiectiua
848 3316 974 3387 ,‚parvo“
989 3318 1019 3373 et
1032 3313 1151 3387 ‚,tenui“
1166 3311 1244 3371 casui

143 3409 313 3469 substantivi
333 3413 416 3467 erant
435 3409 608 3483 adaptanda.
639 3410 777 3469 Extrema
797 3416 891 3469 autem
911 3427 966 3470 vox
987 3413 1103 3485 ‚‚ignes“
1123 3426 1155 3468 re
1174 3424 1243 3466 vera

143 3506 251 3579 legitur
269 3505 300 3563 in
319 3506 402 3566 libris
421 3513 535 3580 praeter
549 3507 735 3581 Gyraldinum
756 3509 891 3580 omnibus,
913 3526 969 3582 qua
987 3526 1020 3568 re
1039 3509 1117 3568 haud
1136 3506 1243 3566 medio-

143 3605 231 3664 criter
250 3601 388 3677 firmatur,
411 3605 486 3676 quod
505 3605 541 3663 de
561 3606 789 3678 interpolationis
809 3624 896 3666 cansa
916 3607 998 3666 modo
1012 3607 1129 3666 conieci.
1158 3606 1240 3664 Inve-

141 3702 186 3758 nit
209 3704 359 3774 praeterea
382 3717 495 3760 versum
516 3703 618 3763 misere
637 3707 800 3763 truncatum
819 3705 849 3762 iu
869 3705 1025 3778 exemplari
1045 3721 1095 3762 suo
1115 3705 1241 3778 interpo-

140 3798 218 3858 lator
237 3799 454 3871 subsequentem
473 3800 560 3859 hunc:

360 3915 458 3988 „mille
478 3916 529 3975 sub
550 3917 653 3990 exiguo
673 3919 841 3991 ponentibus
861 3921 1023 3993 tempora“:

141 4029 232 4088 verba
250 4028 390 4102 „pignora
409 4034 538 4104 tempus*
559 4032 603 4090 ita
623 4034 797 4102 coaluerant,
819 4038 851 4091 nt
870 4036 950 4108 prius
970 4036 1137 4095 vocabulum
1156 4037 1240 4110 plane

140 4125 250 4198 periret
279 4132 309 4185 et
338 4128 501 4187 terminatio
528 4130 724 4190 tantummodo
747 4131 887 4204 irreperet
912 4133 942 4191 in
960 4133 1045 4192 linem
1065 4135 1238 4208 posterioris,

142 4223 223 4282 cuius
253 4225 296 4282 rei
328 4227 459 4300 exempla
481 4225 557 4285 inira
576 4228 660 4300 plura
679 4228 804 4288 afferam.
847 4229 929 4288 Talia
948 4247 1029 4305 uero,
1060 4232 1156 4304 qualia
1175 4236 1240 4290 sunt

143 4321 354 4393 „ponentibus“
387 4340 440 4397 pro
470 4324 593 4398 genuino
625 4327 759 4399 „venient
791 4326 864 4385 tibi“
895 4343 952 4387 non
975 4328 1135 4401 miraberis,
1166 4330 1191 4389 si
1210 4329 1240 4388 in
