3108 5202
731 589 939 653 ..48-

281 799 345 859 fixis
366 817 526 873 comparas,
554 800 712 859 incondita:
746 805 872 859 cometae
893 805 960 859 sunt
980 801 1088 874 duplici
1108 801 1221 860 ratione
1241 801 1392 868 inconditi,

281 899 403 970 primum
426 914 489 956 cum
509 898 599 956 stellis
618 895 683 955 fixis
704 897 870 970 comparati,
893 899 994 957 deinde
1015 899 1060 958 sui
1077 899 1205 972 ipsorum
1218 899 1331 956 itineris
1344 914 1393 956 ra·

282 996 359 1053 tione
379 995 478 1053 habita
499 993 547 1069 (ef.
569 995 604 1053 N.
626 995 657 1066 Q.
678 993 744 1066 VH,
768 995 815 1062 25,
837 996 856 1054 3
878 995 1022 1067 „nondum
1042 1000 1177 1054 tenentur
1196 994 1308 1067 legibus
1329 1011 1390 1054 cer·

281 1093 341 1150 tis“
362 1097 392 1150 et
404 1092 441 1151 N.
456 1090 492 1164 Q.
505 1091 573 1160 VII,
595 1092 641 1158 24,
666 1093 679 1148 1
704 1091 870 1163 „proprium
890 1093 965 1151 iter“
981 1117 1016 1138 =
1030 1108 1116 1164 „suos
1129 1094 1241 1150 motus“
1263 1108 1289 1148 v.
1304 1090 1391 1167 230:

284 1190 464 1263 planetarum
484 1189 531 1246 vel
550 1189 674 1258 quinque
694 1188 840 1246 stellarum
861 1189 916 1247 etsi
937 1205 990 1262 per
1010 1205 1040 1247 se
1055 1187 1200 1248 observati
1214 1199 1279 1248 sunt
1293 1204 1393 1248 cursus

284 1286 330 1361 (ci.
345 1287 382 1348 N.
399 1288 431 1359 Q.
447 1286 512 1358 VH,
537 1287 582 1357 25,
608 1285 636 1360 1)
659 1290 688 1343 11
708 1286 764 1344 sibi
784 1291 924 1358 constant,
947 1292 1043 1345 tamen
1063 1293 1093 1346 et
1112 1287 1185 1344 haec
1205 1287 1300 1345 sidera
1313 1293 1393 1346 recte

282 1387 422 1471 vocantur
450 1384 597 1442 incondita
627 1389 657 1442 et
687 1400 752 1442 suos
782 1391 877 1441 motus
908 1385 1053 1441 servantia
1073 1389 1240 1458 comparata
1260 1384 1394 1441 nimirum

283 1499 348 1540 cum
367 1482 458 1541 stellis
478 1479 551 1542 fixis.
582 1513 620 1524 -
648 1479 1395 1551 11.259-1631111111111111111111111111-

247 1572 252 1624 f
284 1580 361 1638 dium
395 1581 566 1651 castigatur,
598 1593 654 1648 quo
684 1578 852 1650 pusillorum
882 1577 1028 1634 hominum
1058 1578 1180 1650 pusillae
1206 1577 1395 1649 cogitationes

283 1678 392 1735 maiore
413 1675 596 1734 contentione
615 1673 752 1746 ferantur,
775 1690 859 1746 quam
880 1674 916 1732 ad
939 1674 1101 1746 quaerenda
1122 1674 1253 1732 sublimia
1274 1680 1305 1734 et
1325 1692 1395 1735 vera

284 1775 367 1844 bona,
389 1787 462 1844 quae
482 1778 548 1829 sunt
568 1771 706 1844 pectoris:
732 1772 841 1828 malunt
862 1771 1023 1828 homunculi
1044 1771 1152 1829 nullam
1173 1787 1288 1845 operam
1307 1774 1395 1832 veriti

284 1887 384 1928 aurum
405 1878 612 1942 argentumque
633 1875 758 1927 eterrae
772 1869 909 1927 cuniculis
924 1869 1055 1936 effodere,
1078 1885 1163 1941 quam
1177 1869 1287 1928 artibus
1300 1871 1394 1935 bonis.

284 1967 315 2024 id
345 1967 420 2038 quod
440 1969 533 2026 solum
554 1967 745 2040 expetendum
764 1973 820 2038 est,
852 1967 980 2025 imbuere
999 1972 1121 2039 mentes,
1143 1967 1178 2025 cf.
1201 1985 1227 2027 v.
1252 1969 1310 2028 274
1332 1986 1394 2042 sqq.

286 2064 423 2124 Similiter
442 2067 554 2124 invenio
576 2066 768 2138 disputantem
782 2067 918 2126 Senecam
939 2082 983 2139 ep.
1008 2067 1073 2137 110,
1096 2068 1126 2125 9:
1151 2067 1213 2136 ,Ab
1228 2067 1283 2124 hac
1296 2067 1396 2125 divina

287 2163 527 2235 contemplatione
559 2162 711 2221 abductum
732 2163 857 2221 animum
876 2163 906 2220 iu
927 2163 1044 2221 sordida
1065 2169 1094 2220 et
1114 2163 1232 2221 humilia
1252 2165 1396 2237 pertraxi-

278 2276 362 2342 mus,
394 2266 428 2318 ut
448 2261 589 2319 avaritiae
609 2261 743 2332 serviret,
775 2266 808 2319 ut
828 2261 928 2320 relicto
950 2261 1054 2319 mundo
1076 2261 1262 2333 terminisque
1283 2262 1345 2320 elus
1367 2268 1397 2320 et

286 2358 407 2416 dominis
429 2363 532 2416 cuncta
552 2358 734 2417 versantibus
753 2364 859 2416 terram
879 2359 1034 2416 rimaretur
1054 2363 1083 2416 et
1098 2365 1253 2431 quaereret,
1276 2361 1346 2432 quid
1361 2377 1397 2420 ex

286 2458 338 2515 1111
357 2457 427 2514 mali
448 2455 593 2528 effoderet,
616 2473 673 2515 non
693 2461 842 2516 contentus
863 2458 996 2516 oblatis.“
1027 2457 1185 2516 Praeterea
1206 2459 1295 2525 affero
1313 2457 1349 2515 N.
1362 2457 1395 2528 Q.

287 2554 323 2627 V,
349 2556 398 2626 15,
418 2554 451 2611 2:
485 2554 637 2626 „Intellexi
659 2600 665 2614 .
687 2597 694 2612 .
718 2597 724 2610 .
747 2554 1312 2622 1111111111111111111111111111,
1345 2555 1396 2614 sed

177 2639 179 2646 ’
289 2652 346 2710 iam
375 2652 441 2709 inde
471 2651 628 2723 antiquitus
658 2651 772 2710 traditis
802 2651 936 2709 laborare
961 2668 1014 2710 111
1034 2657 1133 2712 111111
1153 2657 1248 2712 aetate
1269 2653 1395 2726 primum

288 2751 439 2808 avaritiam
468 2765 555 2808 venas
586 2754 728 2808 terrarum
758 2748 940 2820 lapidumque
971 2749 1103 2807 rimatam
1123 2750 1154 2806 in
1175 2750 1300 2809 tenebris
1321 2749 1395 2808 male

289 2848 420 2906 abstrusa
439 2846 583 2919 quaesisse
605 2891 611 2905 .
635 2887 641 2901 .
664 2891 671 2904 .
706 2843 787 2918 Quae
807 2850 890 2903 11111
910 2847 1066 2904 necessitas
1086 2846 1229 2904 hominem
1249 2846 1287 2904 ad
1301 2845 1396 2905 sidera

288 2950 415 3002 erectum
445 2942 495 3019 (11.
516 2943 614 3002 Aetna
633 2942 754 3016 1217)
785 2944 946 3001 incurvavit
975 2947 1005 3002 et
1036 2941 1144 3001 defodit
1175 2949 1205 3001 et
1225 2943 1397 3001 infandum

288 3041 401 3100 11111111
421 3041 538 3098 intimae
559 3041 666 3113 mersit,
687 3046 721 3098 ut
734 3046 848 3098 erueret
861 3057 961 3098 aurum
975 3058 1032 3099 nou
1046 3042 1156 3100 minore
1168 3042 1295 3114 periculo
1309 3057 1395 3114 quae·

290 3138 408 3195 rendum
440 3153 523 3208 quam
555 3136 807 3210 possidendum?“,
840 3136 875 3195 cf.
902 3149 931 3195 et
951 3138 987 3196 N.
1009 3139 1042 3210 Q.
1063 3139 1079 3196 Ι
1099 3139 1172 3211 prol.
1193 3139 1211 3195 ‘l
1233 3146 1263 3199 11
1282 3156 1325 3212 ep.
1348 3142 1396 3210 94,

281 3237 417 3300 ,so-58.
448 3234 546 3292 Habes
565 3235 670 3294 iterum
689 3236 713 3294 si
733 3251 791 3293 non
811 3235 962 3294 verborum
975 3239 1007 3293 at
1021 3241 1099 3295 certe
1113 3220 1318 3296 sententiarum
1331 3254 1397 3296 con-

290 3333 415 3391 cordiam
446 3348 503 3390 111
533 3349 628 3391 raram
651 3334 731 3392 illam
751 3332 865 3405 quidem
885 3338 936 3390 aut
955 3334 1134 3406 singularem,
1157 3335 1206 3392 sed
1227 3350 1397 3394 commemo-

291 3428 408 3487 randam
433 3429 629 3500 nihilominus,
662 3446 726 3488 cum
745 3431 787 3489 nil
806 3431 938 3488 videatur
958 3446 1019 3489 esse
1041 3431 1228 3490 omittendum
1248 3434 1303 3492 hoc
1323 3433 1397 3504 loco,

291 3541 346 3598 quo
372 3527 520 3600 cogitandi
544 3529 641 3600 aliqua
661 3530 871 3588 demonstretur
890 3529 1055 3588 similitudo.
1098 3531 1169 3588 Tale
1191 3531 1352 3603 exemplum
1373 3530 1399 3588 si

209 3633 213 3651 ·
291 3640 378 3682 unum
398 3627 592 3685 tantummodo
613 3627 735 3698 adesset,
757 3628 798 3684 nil
810 3627 921 3685 valeret
933 3627 1073 3700 profecto,
1095 3627 1146 3686 scd
1160 3628 1184 3686 si
1198 3628 1281 3700 plura
1295 3628 1398 3694 habeo,

290 3722 412 3780 invicem
432 3723 488 3782 sibi
507 3725 582 3784 vires
603 3724 713 3783 addunt
733 3731 762 3782 et
781 3724 877 3784 robur.
901 3723 994 3783 'Oave
1014 3722 1106 3798 fingas
1126 3741 1171 3783 me
1192 3726 1308 3784 credere
1329 3725 1399 3782 Aet—

292 3835 346 3878 nae
375 3827 522 3880 auctorem
552 3828 613 3880 tum
638 3837 702 3880 curn
726 3837 823 3880 versus
843 3821 909 3880 illos
930 3821 1112 3895 conscripsit,
1144 3822 1215 3881 duos
1236 3821 1300 3881 illos
1319 3823 1400 3881 locos

293 3917 418 3977 Senecae
438 3935 523 3978 manu
543 3920 668 3978 tenuisse
689 3925 718 3977 et
736 3918 879 3978 imitatum
900 3934 961 3978 esse
981 3920 1124 3978 consulto:
1151 3920 1236 3978 immo
1256 3919 1400 3992 putandus

296 4020 339 4076 est
368 4023 455 4090 poeta
480 4017 536 4076 iam
562 4017 707 4089 aliquanto
728 4023 795 4074 ante
815 4032 900 4088 quam
921 4017 984 4089 ipse
1005 4015 1130 4074 Aetnam
1151 4033 1230 4075 suam
1250 4022 1399 4090 pangeret,

293 4112 419 4173 Senecam
440 4116 485 4173 sui
503 4115 590 4174 libros
603 4115 717 4188 legisse,
739 4131 859 4189 quorum
873 4115 968 4173 studio
982 4115 1025 4173 ita
1039 4114 1242 4182 delectabatur,
1263 4118 1297 4172 ut
1309 4115 1401 4187 magis

295 4213 444 4286 magisque
476 4213 584 4272 assecla
613 4211 696 4273 fieret
725 4213 932 4273 sententiarum
961 4213 1047 4271 huius
1067 4212 1241 4286 philosophi:
1273 4211 1319 4269 hie
1339 4211 1401 4270 illie

294 4326 374 4383 sane,
408 4310 530 4369 maxime
550 4312 581 4368 in
600 4312 684 4371 rebus
704 4312 863 4385 geologicis,
885 4311 997 4384 inipso
1018 4309 1167 4370 scribendo
1188 4310 1319 4368 consulta
1339 4324 1402 4369 esse
