3108 5202
779 601 990 666 -gp..

331 811 426 870 nescio
457 825 525 883 quo,
559 811 640 882 quasi
670 816 721 869 aut
744 810 872 871 Lucilius
896 812 946 870 ille
967 809 1156 872 Wernsdorfii
1176 811 1313 872 Senecam
1337 814 1439 886 legisse

331 907 474 980 putandus
511 907 549 965 ait
586 913 636 965 aut
674 923 766 968 nemo.
785 975 813 984 ἢ
827 909 922 967 Multa
955 924 1023 969 sane
1057 907 1256 970 Wemsdurfii.
1277 910 1459 985 opinonem„

332 1005 528 1066 commendare
561 1005 707 1063 videntur:
742 1005 800 1063 init
833 1006 883 1064 ille
917 1006 1046 1064 Lucilius
1079 1007 1187 1066 amicus
1221 1014 1251 1067 et
1284 1007 1438 1080 discipulus

213 1153 220 1164 Ι
286 1138 289 1181 ,1
313 1091 459 1162 'Senecae
479 1106 593 1174 etpost
612 1102 741 1175 magistri
766 1102 872 1161 obitum
900 1108 1058 1176 superstes:
1089 1104 1163 1162 vixit
1191 1105 1221 1162 in
1245 1105 1310 1178 ipsa
1329 1104 1436 1176 Sicilia,

288 1230 292 1277 t
332 1203 411 1261 cuius
440 1202 475 1260 ab
507 1201 599 1258 otiosa
629 1200 830 1272 procuratione
859 1200 1014 1273 plurimum
1044 1204 1165 1261 uacabat
1191 1203 1292 1262 studiis
1311 1203 1438 1276 physicis

290 1287 293 1303 '
332 1305 418 1371 atque
442 1297 657 1370 philosophicis:
688 1296 759 1356 fecit
783 1314 882 1358 versus
902 1299 951 1376 (N.
969 1300 1006 1371 Q.
1028 1299 1071 1359 IV
1096 1300 1186 1374 praei.
1209 1301 1260 1376 14)
1285 1305 1438 1359 atvertus

332 1397 446 1468 quidem
465 1395 645 1454 hexametros
665 1373 755 1468 ipsiu
774 1395 904 1460 stonum
924 1402 1086 1469 sperares
1107 1396 1154 1473 (ef.
1170 1398 1205 1457 n.
1220 1398 1252 1469 o.
1272 1399 1324 1470 111,
1349 1402 1374 1470 1,
1399 1398 1435 1473 1),

331 1494 470 1554 tractavit
488 1494 617 1552 versibus
637 1509 661 1551 e.
683 1509 725 1565 gr.
745 1491 872 1551 fabulam
892 1493 928 1552 de
946 1495 1058 1566 Alpheo
1079 1499 1109 1552 et
1122 1494 1269 1554 Arethusa
1289 1495 1337 1571 (cl.
1352 1497 1389 1556 N.
1404 1495 1437 1566 Q.

331 1593 385 1664 III,
401 1593 448 1661 26,
465 1591 506 1668 6).
547 1591 628 1650 Haec
647 1591 743 1649 omnia
762 1608 831 1650 vera
851 1597 916 1650 sunt
937 1597 966 1651 et
984 1599 1103 1665 possunt
1115 1595 1194 1653 nullo
1207 1594 1320 1667 negotio
1334 1593 1438 1652 addita

332 1690 377 1749 his
397 1690 457 1748 illis
477 1689 637 1762 quisquiliis
657 1689 785 1747 nonnihil
805 1690 914 1762 augeri.
956 1690 1012 1748 Illa
1031 1707 1100 1748 vero
1115 1690 1240 1750 Senecae
1254 1691 1377 1764 epistula
1391 1691 1437 1764 79,

332 1803 389 1858 qua
408 1787 530 1845 maxime
554 1786 687 1844 innititur
707 1784 919 1844 Wernsdorfius
949 1787 986 1844 ad
1017 1788 1216 1847 stabiliendam
1246 1788 1437 1847 coniecturam

333 1900 421 1957 suam,
443 1884 486 1942 ita
505 1883 576 1940 mibi
595 1883 710 1941 molatur
729 1887 895 1955 comparata
915 1899 985 1953 csse,
1006 1887 1039 1940 ιι
1059 1901 1117 1943 nou
1137 1889 1196 1942 tam
1217 1890 1322 1958 augeat
1336 1885 1437 1958 proba·

230 2056 243 2072 α
333 1982 474 2042 bilitatem
494 1996 579 2054 quam
597 1981 714 2038 minuat
756 1981 888 2054 Namque
908 1979 1016 2040 Seneca
1036 1981 1066 2038 in
1085 1981 1138 2040 illa
1158 1983 1282 2055 epistula
1306 1983 1438 2041 hortatur

333 2081 468 2147 amicum,
489 2083 522 2136 ut
541 2071 663 2136 Aetnam
684 2092 810 2151 qnoque,
831 2083 981 2152 postquam
1002 2067 1064 2140 eam
1084 2080 1274 2152 adscenderit,
1297 2080 1438 2139 describat

271 2247 273 2261 Ι
332 2177 366 2235 in
405 2192 465 2235 suo
504 2175 657 2235 carmine
695 2181 725 2233 et
757 2176 831 2234 hunc
864 2178 1025 2237 sollemnem
1057 2178 1187 2236 omnibns
1219 2177 1313 2250 poetis
1345 2178 1437 2236 locum

332 2275 496 2347 attingat
539 2274 600 2331 Iam
625 2289 688 2332 cum
712 2273 794 2331 initio
821 2273 881 2332 eius
907 2275 1046 2347 epistulae
1066 2275 1173 2335 Lucffii
1204 2258 1438 2358 commemoretur

333 2372 471 2430 circuitus
491 2371 581 2429 totius
601 2360 726 2438 Siciliae,
747 2370 778 2428 id
798 2370 859 2428 sine
879 2371 965 2430 dubio
979 2371 1071 2429 voluit
1084 2372 1200 2443 Seneca,
1221 2377 1254 2430 ut
1267 2373 1297 2430 in
1310 2373 1437 2446 longiore

334 2471 370 2528 de
390 2475 456 2528 tota
474 2468 575 2528 Sicilia
594 2469 708 2540 eiusque
728 2468 874 2526 miraculis
901 2470 1048 2541 opusculo,
1080 2470 1155 2542 quod
1183 2470 1342 2543 scripturus
1365 2476 1439 2530 esset

334 2574 363 2626 et
383 2569 462 2627 ouius
482 2583 553 2626 unus
574 2568 623 2626 ille
644 2567 801 2626 versiculus
821 2567 870 2643 (N.
892 2567 924 2638 Q.
944 2568 1046 2640 III‚=l‚
1071 2568 1101 2643 1)
1121 2575 1257 2628 seruatus.
1272 2573 1329 2640 est,
1352 2569 1438 2627 etiam

333 2666 455 2724 Aetnam
475 2671 599 2724 montem
620 2666 762 2724 luculente
783 2665 964 2738 describeret,
986 2670 1018 2723 ut
1039 2666 1088 2738 qui
1107 2667 1187 2726 locus
1200 2671 1314 2739 praeter
1327 2673 1438 2725 ceteros
1539 2651 1540 2676 ¹

331 2780 364 2822 se
378 2763 460 2821 daret
473 2762 608 2822 feliciter.
642 2762 672 2820 Si
686 2762 778 2834 igitur
790 2762 972 2820 nihilominus
985 2763 1029 2821 vis
1041 2761 1185 2821 Lucilium
1198 2764 1279 2820 illum
1292 2768 1438 2822 auctorem

334 2857 476 2919 affirmare
497 2860 633 2933 po'c'matii
653 2861 758 2927 nostri,
780 2859 865 2918 debes
886 2876 920 2919 co
942 2858 1063 2918 artificio
1082 2861 1134 2932 uti,
1156 2865 1190 2918 ut
1209 2861 1302 2920 dicas:
1345 2861 1438 2930 „Sane

280 2927 284 3037 J
334 2958 458 3030 quidem,
485 2959 557 3017 illud
582 2958 720 3016 innuebat
739 2956 848 3016 Seneca
869 2963 900 3016 et
919 2958 1069 3031 suadebat,
1101 2959 1151 3018 seul
1172 2958 1309 3033 discipulo
1329 2958 1439 3031 placuit

235 3067 237 3071 ’
284 3074 286 3089 ·
333 3055 464 3128 magistri
484 3055 601 3114 consilio
614 3055 657 3113 ita
676 3055 888 3128 obtemperare,
913 3061 947 3114 ut
966 3056 1082 3129 proprio
1102 3072 1136 3114 ac
1156 3056 1295 3130 peculiari
1314 3056 1439 3114 carmine
1538 3059 1539 3134 ξ

332 3153 459 3211 Aetnam
483 3157 611 3220 caneret,
644 3153 711 3224 quia
735 3152 867 3212 nimium
893 3153 934 3212 sic
958 3153 1060 3211 melius
1080 3169 1164 3226 agere
1183 3153 1238 3212 sibi
1257 3153 1436 3213 videbatur.‘

333 3250 394 3321 Quo
418 3249 593 3323 confugienti
616 3249 784 3309 firmissimis
809 3251 982 3324 argumentis
1012 3251 1060 3308 vix
1091 3251 1239 3323 quisquam
1268 3251 1438 3310 sententiam

334 3353 412 3406 tuam
432 3348 486 3407 tibi
505 3347 616 3420 eripiat.
659 3347 740 3422 Quae
760 3365 823 3406 cum
843 3348 886 3406 ita
908 3349 974 3416 siut,
996 3349 1102 3408 nostris
1121 3348 1224 3421 opibus
1237 3353 1370 3406 nentrum
1390 3348 1438 3407 de·

333 3445 486 3504 monstrari
516 3448 611 3518 potest
640 3442 837 3504 deficientibus
866 3445 1038 3504 testimoniis
1074 3446 1232 3518 veteribus,
1267 3462 1319 3504 nec
1351 3446 1440 3504 fuisse

272 3567 274 3575 ·
333 3543 475 3602 Lucilium
498 3542 613 3601 Aetnae
642 3547 787 3600 auctorem
817 3557 907 3613 neque
938 3558 1003 3600 vero
1033 3557 1091 3600 non
1115 3541 1212 3602 luisse.
1253 3542 1316 3602 Hoc
1342 3547 1440 3601 ιιιιιιοιι

271 3578 275 3703 l
333 3647 406 3701 stat:
446 3638 546 3698 Aetna
575 3633 674 3699 nostra
708 3640 871 3712 conscripta
905 3643 949 3700 est
979 3641 1014 3698 ab
1045 3639 1158 3699 homine
1188 3640 1283 3712 aliquo
1314 3639 1440 3699 Senecae

190 3769 208 3832 5
271 3710 276 3865 j
334 3739 443 3798 assecla
462 3754 496 3797 ac
516 3741 671 3806 sectatore,
694 3738 742 3810 qui
763 3738 823 3796 eius
843 3739 986 3796 naturales
1006 3738 1127 3797 maxime
1148 3737 1330 3810 quaestiones
1349 3738 1440 3813 probe

334 3837 447 3909 legerat
467 3840 497 3893 et
517 3835 713 3895 adamaverat:
734 3836 812 3893 ultra
832 3835 872 3894 nil
892 3833 1030 3894 affirmari
1048 3839 1150 3908 potest
1175 3856 1250 3892 ω

417 3933 517 4006 Nuper
535 3933 605 3990 mihi
624 3933 748 3992 innotuit
767 3933 993 4005 quaestiuncula,
1015 3947 1088 4004 quae
1111 3932 1290 3992 inscribitur:
1317 3931 1442 4003 „Poema
1536 3945 1537 3966 ¹

335 4031 371 4091 de
390 4032 488 4090 Aetna
507 4034 602 4089 monte
622 4029 754 4104 Vergilio
774 4031 885 4089 auctori
904 4030 1082 4103 potissimum
1106 4045 1168 4088 esse
1187 4030 1368 4090 tribuendum
1393 4029 1440 4088 ‹le-

334 4128 511 4188 monstrabat
523 4127 577 4188 Dr.
596 4127 784 4186 Bronislauos
803 4128 1025 4198 Krucukiewicu‚
1048 4127 1210 4198 cracoviae,
1235 4128 1340 4188 1883“.
1373 4127 1441 4188 Non

336 4227 423 4286 credo
443 4227 573 4297 cuiquam
594 4241 656 4284 esse
676 4241 877 4299 persuasurum
898 4230 1044 4284 auctorem
1064 4224 1148 4284 huius
1161 4223 1260 4296 niatu,
1282 4241 1348 4284 nam
1367 4239 1441 4298 qnae
1535 4281 1536 4284 ,

335 4324 418 4383 affert
438 4323 476 4382 ad
495 4322 663 4382 mutandam
683 4324 851 4382 sententiam
872 4340 964 4392 suam,
995 4323 1040 4382 ita
1059 4330 1125 4382 sunt
1149 4327 1314 4396 comparata
1338 4323 1441 4394 omnia,
1535 4321 1536 4328 ’
