3108 5202
756 575 970 638 ..26-

314 783 416 843 cabula
436 785 571 857 „omnes“
592 789 621 843 et
641 783 795 858 „circum“,
816 788 849 842 ιιι
869 788 898 843 οι
917 799 968 843 000
989 783 1065 856 „alle
1085 782 1293 856 ringsumher“,
1316 781 1410 840 00001

313 881 424 940 viveret
442 881 534 955 hodie,
556 881 629 940 illud
648 882 789 941 mehercle
809 897 865 940 non
885 885 1003 954 negaret
1023 879 1110 939 etiam
1130 882 1239 954 segetes
1259 879 1365 938 circum
1382 883 1414 936 et

313 977 411 1051 iugera
430 978 536 1036 circum
555 979 668 1038 arsisse.
705 977 839 1037 Ceterum
859 975 895 1035 01.
916 978 1025 1045 0100,
1047 978 1097 1035 001
1116 977 1193 1036 hand
1212 976 1318 1036 insulse
1337 975 1414 1049 „cir-

313 1091 377 1133 cum
397 1077 464 1133 eat“
495 1075 565 1134 mihi
589 1076 702 1135 videtur
721 1075 868 1135 Baehrens
888 1074 1047 1147 reposuisse
1066 1091 1119 1148 pro
1139 1075 1191 1133 illo
1213 1089 1297 1148 „cum
1316 1074 1412 1132 meat“

313 1171 451 1240 codicum,
471 1171 548 1243 quod
566 1170 635 1230 ferri
655 1187 710 1230 non
730 1175 832 1244 potest.
865 1169 944 1229 Ecce
964 1186 1048 1229 versu
1069 1169 1137 1237 470,
1158 1169 1207 1241 001
1225 1169 1255 1226 10
1268 1170 1328 1229 0010
1343 1169 1413 1228 (100-

207 1312 209 1314 -
312 1267 480 1341 tabrigiensi
501 1269 616 1342 legitur,
637 1286 689 1342 pro
709 1269 805 1342 inepto
825 1269 882 1327 isto
897 1267 1133 1340 „hominumque“
1154 1267 1196 1324 nil
1209 1267 1287 1326 aliud
1300 1267 1415 1340 scripsit

313 1372 414 1425 auctor
426 1366 482 1425 nisi
496 1383 703 1439 „omnesque
711 1369 736 1440 “,
758 1383 814 1438 qua
826 1383 891 1426 mee
904 1372 1069 1426 correctura
1082 1365 1251 1424 Baehrentis
1270 1364 1341 1423 illud
1362 1379 1415 1437 „ac

311 1462 409 1522 mille“
429 1462 514 1522 100110
533 1469 698 1537 superatur,
730 1469 815 1536 atque
836 1465 871 1523 de
892 1463 1041 1531 sententia,
1063 1462 1156 1534 qualis
1176 1461 1354 1520 restituenda
1372 1461 1413 1519 vi·

311 1561 422 1629 deatnr‚
444 1578 508 1620 cum
521 1561 680 1621 Baehrente
700 1577 746 1621 me
766 1562 845 1620 vidos
858 1561 1031 1620 consentire:
1052 1558 1194 1633 significat
1208 1559 1283 1617 enim
1297 1557 1410 1616 ‘omnes'

310 1659 365 1718 hoc
394 1660 469 1732 loco,
504 1664 538 1717 ut
561 1659 724 1731 saepissime
748 1657 796 1734 (cl.
819 1675 842 1718 e.
864 1675 906 1732 gr.
927 1658 1102 1717 locutionem
1123 1656 1261 1715 ‘omnihus
1280 1656 1410 1729 precibus

309 1754 443 1831 petere'),
477 1755 553 1828 „alle
582 1755 772 1828 moglichen“.
815 1754 946 1814 Ceterum
972 1756 1046 1813 male
1070 1754 1106 1814 de
1126 1754 1263 1813 hocloco
1285 1753 1411 1826 disputat

310 1853 423 1921 iduum,
444 1853 495 1924 qui
513 1853 658 1910 hominum
678 1851 783 1926 figuras
804 1869 852 1911 000
869 1852 1022 1926 intellegit,
1044 1867 1117 1923 quae
1136 1867 1164 1909 v.
1186 1853 1244 1910 475
1265 1866 1317 1923 per
1337 1865 1411 1908 com·

309 1950 486 2024 parationem
507 1948 542 2008 ab
563 1949 625 2008 acie
646 1949 765 2021 petitam
786 1948 968 2008 inducuntur.
1008 1947 1074 2007 Hoc
1095 1949 1120 2007 01
1141 1947 1266 2020 aliquam
1285 1947 1413 2006 veritatis

309 2047 433 2120 speciem
457 2047 564 2106 hahere
588 2047 728 2106 voluisset
748 2049 866 2120 Murro,
897 2049 1019 2108 debehat
1043 2047 1146 2106 saltem
1166 2047 1413 2120 transpositionem

246 2165 248 2170 ·
310 2145 459 2203 instituere
480 2161 550 2218 eam,
577 2160 662 2216 quam
682 2151 782 2218 postea
801 2145 943 2218 Hauptius
972 2145 1109 2217 instituit,
1142 2145 1191 2216 qui
1219 2149 1284 2218 post
1308 2161 1334 2204 v.
1355 2145 1412 2202 475

308 2242 374 2300 illos
394 2241 465 2300 duos
484 2243 638 2301 uersiculos
659 2244 718 2302 470
739 2248 768 2301 et
786 2243 842 2301 471
866 2243 1012 2302 contextui
1032 2243 1151 2301 inseruit
1171 2241 1276 2300 additis
1295 2242 1414 2300 lacunae

308 2339 405 2413 signis.
437 2339 476 2397 At
495 2339 550 2398 hoo
570 2344 613 2397 0οι
633 2343 743 2398 mutare
757 2325 963 2412 difficultatem,
984 2355 1041 2398 non
1054 2340 1168 2398 tollere.
1200 2340 1327 2411 Accepta
1340 2337 1414 2396 enim

307 2437 477 2496 Baehrentis
502 2436 639 2496 facillima
664 2437 860 2496 emendatione
880 2437 988 2509 „stanti
1012 2453 1079 2510 pars
1104 2438 1206 2495 robore
1226 2437 1354 2509 pugnat“
1376 2467 1413 2478 -

308 2551 374 2592 nam
387 2534 462 2606 quod
475 2534 579 2592 Munro
593 2535 744 2606 temptauit
757 2534 879 2606 „stantis
892 2550 958 2606 pars
971 2533 1074 2592 robore
1086 2536 1225 2606 pugnae“‚
1247 2534 1302 2592 hoc
1314 2547 1415 2590 vereor

308 2637 342 2690 ut
365 2631 403 2690 sit
422 2631 542 2689 latinum
566 2632 691 2703 omnino,
719 2631 821 2690 nedum
846 2648 865 2690 a
888 2631 1030 2689 sentemia
1049 2646 1148 2689 sanum
1167 2664 1206 2673 —
1227 2630 1295 2702 quid
1314 2629 1414 2688 melius

307 2729 473 2800 insequatur
486 2744 572 2799 quem
584 2727 656 2788 illud
676 2744 747 2800 „nec
767 2727 871 2800 recipit
889 2726 1043 2800 flammas“‚
1066 2744 1122 2786 non
1134 2727 1218 2786 video
1239 2727 1307 2786 fere.
1332 2725 1414 2799 0000

308 2843 371 2885 000
402 2825 446 2883 ita
475 2826 544 2898 sint,
572 2841 628 2883 000
652 2825 722 2883 licet
740 2842 785 2884 vv,
812 2826 1001 2884 470οι471
1030 2825 1142 2894 abeis,
1174 2842 1245 2897 quae
1271 2830 1412 2897 secuntur,

307 2922 417 2982 diuelli:
437 2921 508 2979 illud
527 2936 596 2980 vero
616 2938 673 2979 non
692 2921 776 2994 plane
796 2921 959 2994 negamrim
982 2927 1047 2995 post
1066 2937 1093 2982 ι.
1114 2923 1172 2981 469
1194 2923 1331 2982 excidisse
1350 2937 1413 2980 uer-

306 3020 410 3078 siculos
430 3037 544 3094 paucos,
566 3021 668 3093 quibus
688 3021 819 3080 Aetnaea
838 3022 951 3095 eruptio
971 3023 1060 3094 magis
1081 3022 1169 3080 etiam
1189 3022 1413 3081 describebatur·

307 3116 365 3176 Sed
393 3121 459 3175 utut
488 3134 519 3176 00
549 3118 602 3176 hoc
631 3118 728 3177 habet:
764 3119 830 3177 illae
863 3117 973 3192 figurae
1004 3125 1034 3178 et
1070 3119 1158 3178 facies
1188 3123 1254 3178 sunt
1286 3119 1414 3192 lapidum

306 3213 415 3286 figurae
435 3219 465 3272 et
483 3215 612 3288 lapidum
631 3216 720 3274 facies
739 3216 961 3289 intellegendae,
982 3219 1015 3273 ut
1034 3220 1155 3289 apparet
1174 3232 1210 3274 ex
1230 3214 1413 3288 sequentibus

305 3329 349 3370 vv.
371 3313 428 3371 471
452 3327 528 3384 000,
560 3328 630 3383 0000
660 3318 740 3372 recte
769 3314 998 3386 interpunctione
1019 3314 1054 3373 ab
1075 3313 1262 3372 antecedente
1282 3328 1411 3372 sermone

306 3409 430 3467 seiunxit
448 3409 604 3471 Baehrens.
645 3410 719 3468 Nem
739 3412 816 3482 0000
836 3412 887 3470 0111
907 3412 1017 3484 lapides
1038 3413 1154 3471 iamiam
1173 3411 1230 3470 toti
1251 3409 1408 3477 diffluxere,

306 3506 356 3564 alii
377 3507 500 3566 nondum
519 3507 588 3581 toti,
621 3508 671 3567 000
692 3525 727 3566 ex
747 3512 829 3581 parte
849 3510 1044 3569 tantummodo
1066 3509 1125 3568 01ιο
1145 3509 1253 3568 maiore
1273 3509 1333 3568 sivo
1356 3507 1412 3564 mi·

306 3618 376 3662 nore
396 3603 455 3663 01ιο
475 3604 599 3664 maxima
619 3605 680 3664 sive
700 3604 825 3679 minima,
848 3607 898 3664 elii
918 3623 1033 3678 prorsus
1043 3608 1178 3666 resistere
1191 3606 1330 3670 nituntur,
1350 3604 1406 3662 hoc

304 3701 398 3773 ipsum
417 3701 489 3760 alios
510 3707 642 3775 aspectus
662 3701 800 3775 praebere
820 3702 886 3762 eliis
905 3704 1042 3777 temporis
1063 3705 1226 3777 momentis,
1253 3719 1317 3762 cum
1337 3717 1407 3774 pau-

305 3798 387 3856 latim
416 3815 512 3856 omues
542 3798 631 3857 moles
655 3798 815 3870 liquefiant,
848 3816 929 3858 nemo
955 3806 1000 3859 0οι
1023 3801 1093 3873 0010
1112 3801 1198 3861 100110
1218 3803 1310 3861 auimo
1331 3814 1409 3858 asse-

306 3900 419 3968 quatur.
453 3894 537 3968 0000
555 3901 651 3954 autem
665 3900 797 3968 „omnos“
812 3897 927 3970 reposui
944 3914 996 3970 pro
1011 3898 1253 3972 cantabrigiensis
1271 3895 1409 3956 memoria

306 3993 491 4065 ,‚hominum“,
521 3992 577 4051 hoo
598 3996 674 4051 certe
694 3994 802 4051 nullum
822 3995 985 4068 scrupulum
1004 3995 1145 4067 relinquet
1164 3997 1199 4069 ei,
1232 3996 1280 4068 qni
1300 3999 1407 4066 quanto

306 4105 391 4162 opere
412 4089 541 4162 corrupti
561 4089 618 4148 sint
637 4089 668 4148 in
681 4089 780 4150 Aetna
798 4093 999 4152 vocabulorum
1018 4091 1095 4165 lines,
1116 4093 1205 4166 probe
1218 4091 1407 4166 perspexerit.

305 4186 342 4247 V.
362 4187 429 4259 462,
451 4191 484 4244 ut
503 4187 625 4245 hoc-hic
645 4189 742 4248 statim
762 4189 872 4264 addam,
894 4190 980 4250 facile
1001 4189 1175 4259 emendatur,
1196 4189 1221 4248 si
1240 4204 1350 4248 mecum
1363 4187 1407 4246 sic

304 4283 388 4356 legis:
