3108 5202
608 609 798 669 ..7-

144 815 274 887 praebet,
295 816 403 873 habent
423 816 511 873 etiam
532 819 669 890 excerpta
681 816 818 874 Parisino
837 817 1009 874 aMunrone
1030 817 1099 874 item
1120 818 1259 890 neglecta,

148 911 184 969 de
219 911 321 982 quibus
356 912 386 968 in
419 911 608 984 praefationis
648 929 677 984 p.
712 914 747 970 15
782 912 931 970 Baehrens
960 911 1088 971 breviter
1119 913 1261 985 exposuit.

146 1010 287 1066 Attamen
307 1008 355 1066 hic
375 1008 435 1067 illic
456 1014 607 1081 excerptor
625 1009 677 1068 ille
697 1007 826 1068 Gallicus
846 1009 991 1082 vulgarem
1013 1009 1100 1067 istum
1122 1009 1262 1068 secundae

146 1104 247 1162 classis
260 1109 370 1162 textum
384 1105 456 1162 satis
470 1104 595 1163 feliciter
609 1105 769 1164 emendavit
779 1106 824 1164 661
834 1106 940 1178 ingenii
955 1105 1073 1177 viribus,
1095 1106 1262 1165 coniciendo

145 1201 288 1272 nimirum,
310 1202 353 1258 ita
372 1205 405 1259 ut
418 1200 553 1260 Parisina
573 1207 718 1275 excerpta,
739 1218 813 1274 quae
833 1203 1064 1275 complectuntur
1083 1219 1181 1262 versus
1201 1202 1262 1262 iere

146 1298 338 1370 quadraginta
360 1331 396 1340 —
419 1299 536 1356 222-
558 1299 630 1367 272,
651 1300 694 1356 ita
713 1303 823 1368 tamen,
845 1304 879 1356 ut
908 1315 959 1358 suo
985 1300 1105 1358 arbitrio
1130 1299 1263 1357 omiserit

147 1403 297 1466 excerptor
317 1411 363 1453 vv.
385 1395 452 1466 226,
476 1396 542 1467 227,
566 1397 673 1455 252-
686 1396 744 1454 267
765 1400 796 1454 et
814 1412 867 1468 pro
887 1396 1037 1455 versiculis
1057 1397 1167 1455 duobus
1188 1397 1257 1466 229,

144 1492 204 1550 230
222 1491 299 1550 hunc
325 1507 413 1549 unum
442 1508 557 1551 uersum
582 1492 764 1552 substituerit
796 1493 957 1565 ,principia
981 1498 1011 1551 et
1034 1511 1132 1551 rerum
1161 1494 1261 1552 dubias

144 1587 297 1659 exquirere
317 1592 435 1646 causas“
458 1587 493 1647 61.
516 1575 543 1648 u.
565 1589 623 1647 226
635 1589 765 1660 -,16616
779 1589 931 1652 nonnullis.
953 1590 1002 1648 ubi
1017 1590 1260 1662 Cantabrigiensis

144 1677 282 1742 memoria
305 1701 396 1756 prava
416 1689 461 1743 est
480 1690 511 1743 et
530 1685 676 1744 reicienda
695 1685 758 1742 sine
779 1684 875 1753 dubio,
897 1686 999 1743 mirum
1020 1701 1105 1757 quam
1126 1692 1261 1745 accurate

144 1786 304 1854 congruant
324 1798 387 1838 cnm
402 1781 561 1854 Gyraldino
581 1783 664 1854 libro,
687 1783 723 1840 de
743 1798 799 1853 quo
819 1782 896 1840 inira
916 1783 1067 1842 dicendum
1085 1784 1155 1856 erit,
1177 1783 1272 1862 plane¹

144 1878 267 1950 egregio,
293 1895 319 1937 e.
340 1895 383 1950 gr.
404 1878 490 1950 ‘quot’
511 1879 606 1954 (228),
633 1878 716 1936 ‘lune’
738 1878 874 1954 (=lunce
895 1878 981 1953 231),
1009 1884 1095 1937 ‘meet
1109 1911 1145 1920 -
1166 1879 1263 1938 sidera

145 1972 239 2048 (233),
263 1975 344 2034 ‘dura
364 1976 400 2033 et'
424 1976 518 2052 (268),
541 1977 641 2036 ‘ulmis’
661 1976 757 2051 (269),
786 1975 899 2034 ‘fenilio'
926 1977 1021 2051 (272).
1063 1978 1144 2036 11666
1166 1977 1261 2034 omnia

146 2071 311 2129 coniectura
332 2077 478 2130 assecutus
499 2078 544 2130 est
565 2077 715 2146 excerptor
735 2072 798 2145 ille,
831 2073 911 2131 cuius
932 2088 982 2132 ars
1006 2074 1079 2133 bene
1113 2073 1257 2147 detegitur

63 2175 66 2179 ·
146 2183 230 2226 versu
252 2168 319 2239 224,
341 2185 423 2238 quem
443 2168 577 2228 Parisina
597 2175 733 2241 excerpta
752 2170 794 2226 sic
814 2169 952 2241 scriptum
973 2170 1123 2227 exhibent:

39 2339 40 2342 Ἴ
151 2278 225 2332 ,666
246 2265 336 2323 666116
361 2266 452 2322 solum
472 2266 612 2338 pecudum
632 2265 763 2324 miranda
787 2265 885 2324 videre
903 2266 908 2338 Ι
924 2270 1035 2324 more“.
1075 2265 1141 2324 Hoc
1170 2266 1261 2338 igitur

147 2361 210 2418 loco
230 2377 282 2433 pro
303 2362 403 2434 inepto
423 2362 560 2420 vocabulo
584 2362 697 2432 ,fuere“
722 2377 759 2419 ex
779 2362 922 2420 sententia
941 2367 1020 2419 recte
1040 2361 1092 2419 ille
1112 2362 1262 2420 substituit

147 2457 291 2530 ,videre“‚
314 2458 389 2529 6666
410 2462 506 2516 tamen
526 2459 617 2530 ipsius
641 2463 745 2531 po'e'tae
765 2474 823 2516 non
848 2457 916 2518 fuit:
947 2457 1023 2516 hunc
1043 2458 1119 2516 enim
1148 2459 1259 2528 ,tueri“

145 2554 293 2624 scripsisse
314 2554 399 2612 docet
424 2555 563 2612 memoria
584 2555 743 2627 Gyraldini.
785 2555 821 2613 In
847 2553 976 2613 versibus
1007 2555 1065 2612 239
1099 2571 1159 2626 sqq.
1186 2555 1262 2614 reris

148 2652 293 2710 notionem
315 2650 369 2709 etsi
389 2657 435 2709 sat
449 2658 529 2710 recte
543 2652 685 2711 intellexit
698 2657 850 2725 excerptor
863 2655 962 2710 noster
972 2651 1141 2724 desiderari,
1164 2656 1263 2710 tamen

145 2753 179 2806 ut
198 2747 363 2807 mederetur
383 2749 450 2806 huic
470 2749 543 2816 1666,
565 2749 691 2806 nondum
711 2749 739 2808 61
759 2749 895 2821 contigit:
916 2748 1033 2821 scripsit
1052 2747 1140 2806 enim:

254 2847 414 2918 ,Tempora
435 2862 486 2904 cur
506 2827 708 2913 variant'anni
730 2847 878 2919 primaque
897 2846 1015 2904 iuventa

251 2940 313 3002 Ver
332 2946 442 3001 aestate
461 2942 551 3015 perit,
574 2958 626 3000 cur
646 2948 740 3001 aestas
760 2943 824 3014 ipsa
850 2943 973 3000 senescit
1007 2958 1032 3000 e.
1058 2958 1084 3014 q.
1112 2946 1155 3001 s‘.

227 3039 328 3097 Voluit
349 3039 482 3111 coniungi
502 3038 603 3111 ‘prima
616 3039 747 3098 aestate':
769 3038 951 3098 scribendum
964 3044 1061 3098 autem
1075 3055 1139 3096 cum
1152 3038 1261 3111 primae

147 3135 248 3194 classis
268 3136 366 3194 codice
386 3135 545 3208 Gyraldino
727 3151 805 3207 ,666
825 3136 918 3208 prima
937 3136 1061 3208 iuventa,

256 3232 316 3291 Cur
336 3237 447 3291 aestate
459 3219 571 3305 'perite
645 3233 712 3290 Hoc
731 3232 823 3304 igitur
842 3232 915 3291 bene
934 3237 1081 3292 assecutus
1102 3236 1145 3292 est
1165 3237 1263 3291 noster

146 3330 320 3392 reddendam
351 3345 414 3387 esse
444 3333 546 3401 poetae
570 3328 701 3386 voculam
735 3332 832 3398 ,ver“.
873 3329 995 3389 Versum
1025 3329 1084 3389 235
1106 3329 1206 3389 Gallus
1230 3329 1261 3388 16

145 3428 219 3485 libro
239 3443 290 3485 666
311 3427 352 3490 616
372 3426 512 3498 scriptum
532 3425 614 3498 legit:
649 3426 740 3495 ,scire
770 3427 849 3485 vices
870 3426 959 3485 etiam
980 3427 1126 3499 signorum
1152 3426 1261 3484 tradita

145 3523 243 3593 iura“;
266 3523 338 3580 baec
358 3522 426 3594 quia
445 3521 520 3580 vidit
539 3538 597 3580 non
615 3538 700 3595 posse
713 3522 849 3595 intellegi,
870 3526 903 3580 ut
916 3523 1041 3581 tenebris
1055 3522 1120 3579 istis
1134 3521 1259 3591 aliquam

146 3619 250 3679 saltem
269 3618 342 3677 lucis
362 3619 486 3690 speciem
507 3617 636 3690 afferret,
670 3619 798 3677 restituit
825 3619 952 3688 ,tradita
977 3634 1047 3676 cura
1067 3622 1145 3688 est“,
1178 3631 1263 3689 quam

147 3715 319 3788 scripturam
339 3717 441 3786 poetae
461 3730 520 3772 666
539 3714 629 3773 161666
649 3731 701 3773 666
721 3716 834 3786 quidem
848 3713 1007 3786 Gyraldino
1027 3714 1147 3772 meliora
1166 3713 1263 3773 edocti

148 3817 226 3872 certo
257 3811 375 3870 scimus:
411 3811 519 3869 excidit
548 3811 683 3870 nimirum
706 3812 737 3869 in
767 3812 819 3870 1116
849 3812 991 3870 versiculo
1017 3810 1161 3882 particula
1193 3813 1260 3880 ,et“

145 3909 221 3967 inter
240 3907 381 3968 vocabula
405 3908 584 3980 ,signorum
606 3911 636 3966 et
658 3908 815 3979 ,medita“,
841 3923 898 3979 qna
916 3908 1025 3966 inserta
1045 3906 1140 3966 subito
1163 3907 1258 3965 omnia

146 4005 231 4064 facile
265 4005 477 4078 mtellegumur.
533 4003 654 4076 Versus,
694 4006 742 4075 qui
776 4005 935 4077 praecedit,
971 4005 1013 4062 nil
1046 4003 1102 4062 nisi
1134 4003 1258 4076 primum

146 4100 316 4160 vocabulum
330 4106 434 4172 exstat,
447 4102 478 4159 in
491 4100 630 4160 Parisinis
643 4102 800 4174 excerptis:
823 4101 918 4160 omisit
937 4105 1096 4175 excerptor,
1118 4115 1262 4172 quaenon

58 4230 71 4254 .
146 4196 333 4270 intellegebat
365 4213 562 4270 ,quaevesno
583 4196 966 4270 errantinconditacura“,
988 4202 1105 4258 616661
1128 4212 1197 4256 sane
1227 4211 1262 4254 ea
1376 4251 1378 4256 .

145 4293 235 4352 rerba
253 4294 358 4352 misere
378 4299 524 4366 corrupta
546 4295 598 4354 sed
621 4311 657 4352 ex
681 4294 746 4367 ipsa
765 4295 868 4353 166666
887 4299 1010 4368 apparet
1036 4295 1133 4367 aliquo
1152 4293 1261 4352 1661616
