3108 5202
307 818 387 860 usum
410 818 471 860 esse
493 805 689 872 excerptorem
703 805 845 858 nostrum:
866 798 960 856 noluit
980 797 1056 855 enim
1076 799 1174 870 inepta
1188 796 1324 867 scribere,
1345 793 1426 865 quod

307 897 369 956 sine
391 897 477 956 dubio
502 897 677 954 laudandum
703 901 760 956 est:
792 911 857 954 nam
887 895 938 952 alii
967 911 1004 952 ne
1034 895 1164 952 sentiunt
1194 893 1320 965 quidem,
1352 889 1427 962 qnid

307 995 434 1067 ineptum
471 994 517 1064 sit,
545 994 614 1065 quid
647 1010 713 1053 non.
759 992 895 1051 Ceterum
923 996 1028 1064 politae
1058 1008 1157 1051 versus
1192 989 1335 1050 interdum
1369 1005 1424 1046 suo
1504 1029 1505 1044 ,

186 1127 190 1136 ,
309 1089 428 1148 arbitrio
450 1090 522 1149 satis
542 1090 679 1148 audacter
698 1090 774 1147 inter
794 1104 825 1146 sc
845 1088 1022 1162 transposuit
1033 1088 1133 1147 Gallus
1144 1093 1242 1146 noster
1261 1087 1309 1145 vel
1335 1085 1425 1144 etiam

307 1186 337 1243 in
363 1186 483 1244 termam
507 1187 621 1258 redegit
644 1201 745 1244 nouam
775 1185 860 1258 plane
890 1201 925 1243 ac
954 1185 1140 1258 singularem,
1171 1200 1228 1255 qua
1258 1182 1289 1241 in
1314 1199 1345 1240 re
1370 1197 1426 1254 age

306 1298 418 1340 mecum
438 1284 566 1355 paullum
586 1282 752 1340 immoreris
795 1281 865 1340 Inde
896 1297 914 1338 a
943 1296 1029 1338 versu
1053 1281 1112 1338 224
1133 1283 1221 1353 poeta
1245 1281 1333 1338 verba
1352 1277 1428 1336 facit

307 1379 342 1436 de
364 1378 525 1437 diuinarum
545 1395 641 1437 rerum
655 1377 895 1450 contemplatione
908 1393 943 1434 ac
956 1377 1186 1450 perscrutatione
1199 1392 1285 1447 quam
1298 1375 1425 1433 maxime

308 1475 472 1535 excolenda.
513 1475 643 1534 Dedecet
668 1475 743 1534 enim
763 1474 917 1547 pecudum·
931 1489 1011 1532 more
1040 1473 1141 1531 rudem
1173 1477 1260 1544 atque
1290 1471 1426 1531 hebetem

307 1572 456 1644 ventrique
476 1572 674 1631 oboedientem
695 1571 758 1630 dies
778 1572 880 1644 degere
900 1570 1039 1642 neglectis
1066 1570 1210 1641 omnibus,
1238 1583 1426 1641 quaecunque

307 1674 377 1742 apta
398 1674 464 1727 sunt
484 1670 587 1739 animo,
609 1670 658 1740 qui
678 1673 722 1727 est
743 1668 854 1726 divinae
876 1667 992 1740 originis
1012 1683 1091 1725 reses
1110 1667 1141 1723 in
1158 1666 1273 1724 homine
1285 1664 1422 1735 scintilla,

308 1765 345 1822 ad
371 1765 477 1823 altiora
497 1765 655 1837 dirigendo,
676 1766 756 1823 uelut
769 1765 807 1822 ad
820 1764 1000 1823 observanda
1019 1763 1115 1822 sidera
1130 1763 1258 1835 caelique
1277 1766 1425 1820 meatuum

228 1909 230 1916 ,
307 1877 408 1920 musas
428 1862 475 1918 vel
495 1863 618 1920 maxime
638 1861 803 1920 reconditas
822 1861 937 1932 penitus
963 1860 1182 1934 cognoscendas.
1223 1859 1300 1918 Huic
1325 1858 1425 1931 dispu-

307 1958 411 2016 tationi
440 1957 505 2016 finis
539 1958 694 2032 imponitur
724 1973 808 2016 versu
833 1959 899 2016 251.
949 1957 1011 2015 Iam
1042 1956 1117 2014 enim
1147 1956 1284 2027 relinquit
1313 1954 1426 2012 caelum

310 2059 397 2128 po'e'ta
418 2060 448 2113 et
467 2055 622 2113 reuertitur
643 2055 679 2112 ad
704 2055 778 2112 hanc
808 2058 915 2112 terram
945 2069 981 2112 ea
1010 2059 1119 2112 mente:
1161 2053 1269 2111 Terrae
1298 2049 1424 2122 cognitio

307 2151 432 2223 primum
457 2152 565 2208 locum-
582 2151 699 2218 obtinct‚
731 2150 804 2209 caeli
834 2149 1025 2222 perscrutatio
1056 2149 1220 2219 secundum,
1251 2163 1425 2220 quamquam

309 2246 381 2304 haec
402 2252 431 2304 et
451 2247 517 2320 ipsa
537 2247 702 2320 dignissima
722 2251 778 2314 est,
810 2262 883 2318 quae
903 2261 1013 2305 summa
1033 2246 1159 2305 omnium
1178 2245 1283 2303 virium
1308 2248 1432 2330 conten·¹

308 2343 387 2401 tione
407 2344 591 2402 instituatur:
623 2361 689 2403 nam
710 2349 798 2416 terra,
820 2359 892 2414 quae
924 2348 969 2402 est
989 2348 1079 2402 mater
1104 2347 1212 2413 nostra,
1244 2341 1306 2400 sine
1336 2341 1424 2399 dubio

310 2438 401 2497 ‘uobis
422 2440 512 2512 magis
533 2438 634 2500 adfinis
655 2439 825 2500 caelestibus
845 2439 950 2499 astris'.
991 2440 1030 2497 At
1059 2456 1127 2497 vero
1157 2438 1298 2510 quomodo
1329 2439 1426 2496 solent

310 2534 476 2594 homunculi
494 2537 569 2597 hanc
590 2542 697 2596 terram
711 2537 917 2610 contemplari?
944 2537 992 2594 Ita
1004 2534 1141 2608 profecto,
1157 2539 1190 2593 ut
1202 2536 1308 2594 altiora
1319 2535 1426 2593 mentis

309 2632 405 2690 studia
424 2635 578 2707 neglegant
590 2635 676 2707 plane
690 2640 776 2706 atque
790 2634 925 2706 abiciant,
946 2632 1105 2706 praebeant
1117 2649 1148 2691 se
1162 2648 1271 2706 caecos,
1292 2631 1424 2704 humiles,

308 2729 436 2802 pusillos,
469 2735 546 2790 artes
565 2731 702 2790 honestas
724 2733 810 2803 plane
830 2731 903 2788 nihil
924 2734 1070 2802 curantes,
1103 2729 1191 2788 immo
1220 2731 1271 2788 uni
1290 2730 1426 2801 quaestui

307 2824 418 2884 deditos
444 2824 515 2901 (258
528 2859 564 2870 -—
578 2828 650 2904 263)
680 2828 839 2901 glebasque
869 2819 1024 2886 adstrictos
1054 2827 1126 2902 (264
1140 2861 1176 2870 -
1191 2828 1272 2902 272).
1313 2825 1424 2886 Versus
1510 2825 1511 2840 ¹

308 2926 403 2979 autem
424 2928 496 2996 tres,
519 2926 568 2995 qni
587 2928 653 2983 sunt
674 2926 732 2984 259
746 2958 782 2966 -
795 2925 866 2996 261,
902 2924 933 2980 in
963 2924 1104 2983 secundae
1135 2925 1234 2984 classis
1264 2923 1422 2995 archetypo

308 3033 447 3090 perquam
481 3020 603 3080 absurde
636 3022 810 3095 legebantur
830 3025 895 3093 post
924 3037 952 3080 v.
984 3022 1050 3093 279,
1084 3021 1177 3092 qualis
1198 3020 1268 3080 ordo
1288 3036 1423 3079 versuum

310 3120 405 3174 exstat
438 3118 524 3177 hodie
557 3119 588 3177 in
621 3118 750 3177 omnibus
780 3119 869 3190 libris,
905 3118 954 3188 qui
988 3117 1025 3176 ab
1055 3119 1106 3176 illa
1129 3119 1295 3177 membrana
1314 3117 1422 3176 ducunt

308 3211 457 3283 originem.
498 3216 582 3274 Solus
616 3217 766 3287 excerptor
795 3215 956 3287 Parisinus,
994 3215 1044 3286 qui
1073 3231 1121 3273 eas
1146 3213 1261 3273 Aetnae
1287 3213 1421 3272 carminis

309 3313 405 3380 partes
420 3310 515 3383 elegit,
537 3328 610 3382 quae
623 3315 740 3384 practer
753 3316 865 3371 ceteras
878 3311 982 3371 florere
995 3311 1164 3370 riderentur
1175 3311 1261 3370 Gallo
1272 3310 1421 3369 dulcedine

308 3406 514 3465 sententiarum
534 3424 569 3466 cc
588 3409 719 3466 ueritatis
745 3407 852 3466 lumine
873 3441 911 3450 -
926 3408 963 3468 cf.
985 3408 1073 3467 etiam
1092 3425 1137 3466 vv.
1157 3409 1217 3466 633
1239 3411 1269 3465 et
1289 3408 1348 3480 634
1374 3437 1421 3475 -,

308 3502 397 3560 sensit
416 3518 516 3563 versus
545 3505 609 3563 illos
630 3509 689 3564 tres
709 3509 774 3578 post
803 3520 831 3564 v.
857 3505 914 3563 279
935 3505 1030 3563 locum
1049 3521 1103 3564 non
1138 3504 1254 3576 habere,
1288 3505 1338 3563 sed
1359 3520 1421 3564 esse

308 3601 544 3672 transponendos.
583 3603 629 3660 Ac
647 3602 769 3675 primunr
791 3599 905 3673 quidem
924 3617 1025 3660 versus
1046 3602 1104 3660 258
1125 3605 1155 3659 et
1177 3601 1244 3673 262,
1267 3600 1316 3671 qui
1337 3604 1421 3658 erant

309 3697 396 3758 ricini
415 3700 446 3757 in
466 3700 623 3771 exemplari
642 3699 829 3772 excerptoris,
860 3698 969 3758 vicinos
999 3699 1125 3772 reliquit,
1157 3698 1212 3756 nisi
1242 3696 1319 3769 quod
1351 3701 1419 3764 ,ut“

309 3796 438 3854 voculam
453 3796 600 3856 substituit
619 3812 672 3869 pro
686 3795 796 3854 tradito
813 3797 926 3866 ,dum“.
955 3796 1017 3854 Iam
1028 3795 1120 3867 igitur
1133 3794 1235 3852 habuit
1253 3797 1423 3865 excerptor:

440 3895 636 3965 ,Torquemur
655 3892 753 3952 miseri
772 3893 802 3950 in
821 3893 919 3966 parvis
938 3891 1151 3964 premimurque
1170 3890 1279 3960 labore,

436 3988 479 4048 Ut
499 4005 561 4048 sese
580 3988 674 4062 pretio
695 3989 839 4049 redimant
857 4005 1013 4061 verumque
1031 3987 1207 4061 professor

310 4085 476 4144 Subiectum
505 4086 581 4158 quod
611 4090 730 4146 vocatur
763 4086 845 4145 verbi
878 4085 1057 4155 ,redimant“
1090 4081 1236 4141 intellexit
1269 4086 1423 4155 excerptor

310 4183 515 4242 nominativum
532 4178 657 4258 ,parva“
674 4202 710 4245 cx
724 4185 850 4244 ablativo
864 4183 1060 4243 antecedentis
1073 4197 1175 4241 versus
1189 4178 1422 4254 depromendum.
1499 4225 1508 4251 ,

310 4279 372 4337 Iam
397 4285 462 4340 crat
481 4282 641 4342 subiectum
660 4282 869 4358 restituendum
889 4279 970 4340 verbi
990 4278 1184 4354 „proiessae“.
1211 4276 1286 4349 Quid
1306 4276 1422 4335 autem?
