3108 5202
642 648 859 712 ..37-

193 855 314 916 fundere
335 857 433 917 modos
453 857 485 915 in
497 859 629 918 oratione
642 859 792 925 indirecta,
814 859 880 918 vide
893 876 918 918 e.
933 877 976 932 gr.
993 875 1020 917 v.
1038 859 1094 919 198
1108 858 1174 918 coll.
1188 875 1218 918 u.
1232 857 1303 919 276.

192 955 228 1012 In
248 971 274 1014 v.
297 955 354 1014 258
375 954 448 1013 illud
468 957 625 1028 „terimnr“
638 955 762 1016 fortasse
775 956 894 1015 nimium
907 957 997 1016 uisum
1011 962 1056 1016 est
1069 956 1179 1028 critico,
1201 970 1302 1026 quam·

194 1053 291 1110 obrem
321 1052 513 1124 „premimur‘
544 1052 670 1112 correxit
696 1058 729 1111 ut
752 1053 845 1113 lenins
871 1055 997 1112 verbum.
1039 1052 1195 1112 Praeterea
1214 1051 1303 1110 intor-

193 1148 319 1222 polatori
343 1149 493 1209 tribuerim
517 1150 590 1208 illud
610 1150 762 1223 „digesta“
783 1151 813 1208 in
832 1167 858 1210 v.
884 1152 951 1209 249.
993 1149 1117 1210 Videtur
1130 1149 1205 1207 enim
1225 1147 1302 1221 cogi·

193 1250 271 1305 tasse
290 1247 349 1316 ille,
370 1247 538 1318 quiveram
558 1247 727 1306 sententiam
747 1251 849 1319 poetae
869 1263 971 1319 pamm
991 1246 1218 1305 examinaverat:
1250 1243 1303 1316 „Si

194 1344 346 1417 diligenter
366 1349 512 1418 congesta
531 1350 618 1417 atque
639 1345 760 1404 collecta
779 1352 847 1403 sunt
867 1344 975 1415 omnia,
1002 1359 1075 1415 quae
1096 1343 1215 1402 disiecta
1234 1341 1298 1400 ins-

194 1445 261 1499 runt
281 1445 374 1512 antes,
396 1442 467 1500 bene
488 1457 518 1501 se
538 1442 626 1502 habet
644 1443 705 1501 veri
718 1443 866 1514 inquisitio
880 1443 1123 1516 inuestigatioqne.
1152 1441 1219 1502 Non
1233 1440 1303 1498 licet

194 1538 275 1597 nobis
305 1537 437 1611 digestas
467 1539 528 1611 pati
559 1555 619 1612 res,
651 1539 701 1598 sod
722 1556 794 1613 opus
814 1543 859 1599 est
879 1555 928 1598 ers
949 1539 1082 1612 colligam
1102 1538 1175 1598 bene
1195 1542 1225 1597 et
1244 1536 1301 1596 dis·
1403 1595 1407 1606 ,

193 1651 312 1709 ponere:
348 1635 420 1695 baec
449 1636 504 1695 init
533 1643 635 1711 po'e'tae
665 1641 773 1698 mens.“
824 1637 967 1698 Continuo
998 1638 1087 1711 igitur
1116 1636 1303 1710 interpolavit

195 1733 354 1806 „digesta“.
394 1733 494 1793 Voluit
514 1740 610 1793 autem
629 1740 715 1808 potita
734 1736 803 1794 hoc:
825 1735 912 1808 „Non
931 1735 1001 1793 licet
1020 1734 1102 1793 nobis
1122 1735 1219 1792 omnia
1238 1749 1305 1807 pro·

195 1830 302 1888 misene
330 1834 359 1888 et
379 1831 439 1888 sine
460 1830 559 1890 ordine
579 1831 609 1888 in
630 1832 750 1891 eundem
768 1833 863 1890 locmn
883 1832 1012 1890 coniecta
1032 1831 1093 1904 pati
1113 1836 1143 1890 et
1163 1831 1304 1904 adoperta

199 1935 310 1987 ‘acervo
324 1927 437 2000 remm’,
460 1927 509 1986 sed
530 1945 600 2002 opus
616 1935 659 1988 est
671 1930 841 2002 protrahere
855 1929 966 2002 singula
983 1934 1070 2000 utque
1082 1944 1184 1986 eruere
1197 1943 1233 1986 er
1246 1943 1306 1985 mo-

196 2026 271 2084 libns
284 2025 483 2098 superiniectis
497 2031 700 2099 protractisque
713 2027 868 2101 diligenter
884 2027 1033 2100 disponere
1045 2032 1131 2098 atque
1142 2026 1305 2084 ordinare“.

196 2124 240 2181 At
252 2139 320 2183 varo
333 2123 393 2195 illa,
415 2139 489 2194 qnae
502 2130 569 2182 sunt
584 2125 724 2198 magnos,
737 2123 882 2192 tendant,
900 2124 1051 2196 platanis,
1067 2123 1201 2196 quianon
1211 2122 1305 2194 udae,
1343 2193 1345 2200 y

197 2221 266 2291 qnid
298 2221 449 2294 displicere
480 2224 606 2296 potuerit
625 2223 826 2296 interpolatori
846 2223 877 2280 in
897 2222 1005 2280 tradito
1025 2225 1115 2292 textu,
1152 2220 1306 2279 tribuenda

197 2321 281 2374 erunt
311 2317 423 2377 scribae
452 2318 531 2378 illius
561 2319 770 2392 neglegentiae,
802 2334 859 2392 qua
883 2324 916 2376 ut
936 2335 1033 2378 sensns
1053 2334 1110 2375 non
1131 2317 1305 2388 turbaretur,

200 2413 294 2472 ‘mero'
326 2431 392 2474 casn
421 2415 607 2484 factumest,
637 2431 695 2474 non
715 2415 835 2474 dixerim
857 2415 960 2488 ‘miro’,
982 2431 1049 2472 nam
1068 2414 1141 2472 talia
1169 2412 1246 2472 haud
1265 2413 1308 2471 ita

198 2527 264 2568 raro
285 2513 467 2583 reperiuntur
487 2513 564 2586 apud
585 2529 680 2572 omncs
700 2511 761 2571 iere
782 2512 890 2572 scribas
910 2512 956 2570 uel
977 2510 1249 2584 neglegentissimos,
1270 2513 1304 2568 ut

198 2607 248 2679 qui
267 2608 351 2680 plane
370 2609 465 2682 ignari
485 2611 599 2684 liuguae
619 2609 743 2670 Latinae
762 2609 823 2668 fere
844 2625 997 2684 numquam
1010 2608 1127 2666 inerint.
1169 2606 1226 2666 Sed
1239 2607 1305 2666 hac·

199 2709 281 2765 tenus
302 2705 338 2763 de
358 2706 572 2780 interpolatore.

282 2803 356 2876 Quid
376 2805 467 2877 igitur
487 2805 578 2864 bonae
597 2804 688 2878 imgis
708 2821 744 2864 ex
763 2810 827 2863 tota
846 2804 901 2863 bac
915 2804 1109 2877 disputatione
1129 2798 1308 2876 parcipitur?

202 2900 329 2960 Primum
360 2902 511 2961 didicimm
532 2903 721 2976 Gyraldinnm
745 2903 849 2962 librum
879 2900 965 2960 inisse
990 2917 1107 2975 prorsus
1136 2914 1194 2957 non
1218 2898 1308 2956 inter·

201 2999 341 3070 polatum3
363 2999 466 3058 deinde
480 3005 584 3073 numm,
607 3005 713 3072 quanto
727 3015 815 3073 opere
828 2999 1020 3072 interpolatus
1033 2997 1122 3056 inerit
1135 2996 1308 3068 archetypus

201 3095 341 3153 secundae
361 3096 461 3155 classis
486 3100 608 3169 atquae
632 3095 693 3155 iere
717 3111 822 3155 causae
847 3095 956 3154 inerint
980 3111 1015 3154 ac
1034 3095 1161 3154 rationes
1186 3094 1307 3152 istarum

202 3191 468 3264 interpolationnm:
500 3194 623 3253 vidimus
646 3195 882 3266 interpolatorem
914 3209 970 3251 non
996 3194 1088 3252 solum
1108 3190 1305 3263 interpolasse,

204 3289 253 3348 sed
273 3289 349 3360 qnod
370 3291 461 3350 multo
488 3297 533 3351 est
551 3291 702 3350 iucundius
732 3321 770 3334 -
801 3291 1028 3363 interpolantem
1072 3288 1182 3348 Eodem
1212 3290 1309 3345 antem

203 3385 296 3459 modo,
318 3403 374 3458 qno
393 3387 425 3445 in
444 3388 499 3447 bac
519 3394 602 3462 parte
623 3389 756 3448 carminis
776 3405 837 3447 rem
857 3389 930 3463 agit.
953 3389 1039 3448 etiam
1058 3389 1089 3446 in
1108 3390 1206 3446 cetera
1225 3391 1309 3459 purte

203 3499 267 3543 eum
287 3489 449 3558 grassatum
470 3503 533 3546 esse
558 3503 621 3546 cum
640 3487 756 3546 omnino
775 3487 839 3546 veri
860 3487 898 3546 sit
918 3486 1025 3559 simile,
1057 3484 1188 3544 tristibus
1209 3482 1311 3542 animis

204 3581 299 3640 valere
320 3582 448 3642 iubemus
463 3583 652 3656 Gyraldinum
672 3591 810 3644 nostrum.
852 3583 926 3642 Sunt
945 3585 1010 3652 loci,
1032 3599 1152 3655 qnorum
1173 3580 1311 3654 genuinus
1377 3621 1378 3628 ι

203 3683 298 3739 textus
324 3686 422 3753 erepto
454 3680 537 3740 nobis
557 3680 709 3754 Gyraldini
732 3682 841 3741 anxilio
872 3697 939 3740 vere
964 3680 1078 3739 restitui
1109 3681 1157 3737 rix
1176 3691 1310 3747 nmquam
1377 3706 1378 3717 ι

203 3777 323 3848 poterit:
354 3782 467 3836 tantum
492 3777 549 3836 iam
580 3794 655 3836 nunc
679 3780 874 3851 perspicimus.
915 3778 957 3836 At
975 3793 1044 3836 vero
1074 3775 1172 3834 licebit
1197 3772 1306 3843 critico,

203 3873 253 3932 ubi
277 3875 400 3948 primum
431 3875 575 3934 detexerit
604 3875 836 3948 interpolationis
865 3876 975 3948 sedem,
1007 3875 1038 3933 id
1064 3873 1140 3945 qnod
1169 3869 1247 3930 hand
1266 3869 1310 3926 ita

204 3970 331 4042 proclive
351 3972 408 4029 erit
427 3971 546 4044 ubique,
573 3973 659 4030 immo
680 3971 750 4031 satis
770 3973 913 4031 interdum
934 3972 1062 4044 difficile,
1085 3968 1217 4043 plurimis
1236 3965 1309 4025 locis

204 4068 290 4140 plane
303 4072 448 4141 negatum,
470 4084 526 4127 non
546 4069 646 4128 timide
660 4069 799 4140 conicere,
821 4069 872 4128 sed
885 4069 1030 4128 audacter.
1072 4067 1149 4126 'Pota
1168 4063 1309 4125 uocabula

208 4164 307 4224 licebit
327 4164 455 4223 funditus
468 4166 578 4239 tollere,
600 4166 685 4239 plane
698 4181 772 4224 noua
786 4165 959 4224 substituere
973 4163 1172 4224 dissimillima.
1206 4161 1308 4233 Quam·

204 4277 289 4332 qnam
310 4277 366 4334 quo
387 4261 474 4320 altius
493 4262 621 4322 ascendit
640 4261 770 4334 audacia
793 4279 826 4320 eo
847 4263 938 4337 magis
958 4262 1036 4321 cadit
1055 4261 1133 4322 fides.
1156 4291 1193 4304 -

283 4357 346 4417 Iam
365 4375 433 4448 uero
460 4359 494 4419 de
518 4360 610 4419 altero
630 4361 696 4433 illo,
729 4360 841 4419 scilicet
871 4359 907 4418 de
926 4359 1110 4433 neglegentia
1134 4357 1245 4418 scribae
1266 4369 1312 4412 ar-
