3108 5202
613 622 830 684 ..21-

175 831 292 901 praeter
322 827 510 901 Gyraldinum
540 830 669 890 omnibus
697 848 795 892 versus
825 833 885 891 214
914 833 1004 902 exitu,
1038 837 1158 906 propter
1185 848 1268 906 quem

173 928 266 984 traete
280 925 392 984 omnino
411 928 463 985 hos
476 943 584 1000 versus,
606 933 804 998 mmmanurm,
824 928 899 1002 qued
912 929 1156 1004 omnisomnibus
1165 929 1268 989 melius

171 1028 218 1081 est
236 1023 337 1095 praem
357 1023 451 1096 dubio,
483 1023 624 1098 refellam,
650 1025 818 1085 Baehrentis
837 1025 981 1086 nimbum:
1010 1026 1166 1100 Hauptium
1195 1027 1268 1086 enirn

169 1135 286 1192 prorsus
305 1118 458 1180 infeliciter
484 1122 560 1180 huno
579 1123 676 1181 looum
693 1126 832 1183 traotasse
849 1139 932 1182 nenne
950 1127 1011 1182 tam
1031 1137 1130 1184 oaaous
1145 1127 1200 1184 'est
1216 1123 1269 1196 qui

169 1232 273 1290 negare
300 1217 383 1276 velit:
415 1217 490 1277 idem
510 1218 588 1277 eadit
606 1218 637 1280 in
660 1224 770 1278 eeteros
787 1220 913 1278 editores
931 1219 1091 1292 plateam
1122 1219 1268 1278 Beelrrens

169 1315 261 1386 igitur
281 1314 339 1374 etsi·
365 1319 410 1374 sat
429 1315 500 1375 bene
520 1316 640 1376 sensisse
660 1317 782 1390 ridetur,
811 1316 880 1389 quid
903 1314 962 1375 iere
981 1313 1091 1390 flagitet
1119 1317 1268 1386 minutia

169 1411 262 1483 ipsum
287 1417 382 1471 tamen
402 1416 512 1471 textum
532 1413 625 1472 minus
643 1414 715 1472 bene
736 1411 895 1483 eonstituit;
924 1412 989 1472 ride
1009 1413 1095 1487 enim,
1129 1412 1267 1486 quomodo

172 1509 313 1568 sententia
342 1510 544 1584 progrediatur
574 1511 651 1584 apud
670 1510 871 1571 Baehrentam:
904 1510 1038 1584 ,spiritus
1068 1510 1130 1584 igni
1158 1525 1268 1569 momen

169 1604 265 1678 infiat,
297 1607 351 1664 hoo
371 1611 467 1665 autem
487 1623 603 1666 neeesse
624 1611 668 1665 est
688 1604 759 1680 fieri,
791 1623 856 1666 narn
876 1607 1017 1666 iuvante
1048 1613 1113 1668 atre
1133 1607 1268 1667 violentia

169 1699 300 1761 flammae
320 1718 497 1776 nequaquam
522 1721 577 1779 par
597 1709 667 1763 est“.
708 1704 815 1777 Nonne,
850 1722 961 1779 quaeso,
994 1710 1138 1780 exspectas
1157 1704 1266 1779 potius:

171 1814 254 1868 ,nam
284 1798 477 1859 deficiente
508 1801 582 1860 aeris
602 1801 708 1860 auxilio
738 1801 831 1861 etof‘i
870 1801 1106 1862 Deindeautem
1130 1801 1166 1862 ob
1191 1801 1263 1860 hano

170 1911 284 1954 oausam
303 1896 427 1955 maxime
452 1899 627 1957 accusandus
647 1902 691 1956 est
710 1897 864 1971 Baehrens,
895 1897 970 1970 qnod
999 1913 1086 1957 sanae
1107 1897 1188 1958 aemi
1208 1898 1267 1956 oul-

170 1998 247 2050 trum
267 1992 407 2051 adhibuit:
433 1993 527 2053 verbis
549 1993 637 2067 enim,
668 2009 741 2066 quae
761 1999 828 2054 sunt
857 2010 942 2064 ,nam
960 2011 1050 2069 prope
1069 1994 1267 2067 neququam,

170 2089 238 2160 quid
258 2090 298 2147 sit
317 2090 464 2164 integrius,
499 2107 563 2149 oum
585 2091 619 2150 de
639 2089 784 2151 effeeabrs
804 2091 891 2151 uerba
907 2090 981 2150 dant
999 2092 1029 2150 in
1048 2092 1186 2167 pellendis
1206 2107 1267 2151 aor·

169 2187 288 2261 poribus
304 2188 474 2260 conspicuis,
495 2204 541 2247 me
561 2189 646 2262 plene
664 2188 746 2262 fugit.

246 2285 311 2344 Jam
330 2283 361 2340 in
380 2281 436 2343 fine
456 2300 555 2344 versus
575 2286 634 2344 214
654 2301 749 2344 ornnes
779 2290 896 2358 praeter
914 2275 1104 2359 Qaldinmn
1122 2285 1191 2344 libri
1210 2301 1266 2342 non

171 2378 335 2449 „flammae“
357 2381 475 2450 habent,
497 2382 548 2440 sed
570 2387 726 2455 ,semper“,
745 2382 821 2454 quod
834 2382 959 2442 estnihi
971 2397 1047 2440 nuno
1059 2381 1265 2454 explicandum.

170 2477 311 2535 Nimirum
330 2478 368 2551 id,
400 2479 477 2550 quod
496 2495 580 2538 manu
600 2480 693 2538 munit
711 2479 899 2554 interpolator
918 2479 1019 2552 auique
1045 2479 1164 2538 oritioas
1183 2494 1267 2538 ouras

170 2575 334 2648 applicavit,
357 2577 504 2649 exemplar
525 2582 560 2636 ut
583 2577 696 2636 omnino
715 2577 801 2636 foeda
819 2577 1000 2651 neglegentia
1018 2577 1210 2650 oonseriptum
1231 2591 1267 2634 er

169 2672 297 2732 manibus
316 2673 463 2746 prodierat
478 2674 598 2744 soritae,
619 2675 660 2734 sio
678 2674 726 2734 bio
746 2675 806 2733 iilia
820 2675 897 2733 looos
917 2673 1018 2734 habuit
1036 2674 1120 2732 unius
1139 2672 1268 2732 rooabuli

167 2769 280 2828 lactura
299 2769 469 2842 depravatos
490 2771 616 2831 aeoriba
635 2772 816 2844 neglegenter
826 2771 926 2831 ormari
939 2772 1041 2830 leonae
1057 2771 1160 2830 relicta
1178 2770 1265 2844 nulla,

168 2867 244 2938 qnod
266 2869 326 2925 bon
344 2867 501 2938 miraberis,
531 2868 698 2928 sieundem
718 2869 840 2927 scribam
871 2867 1145 2942 neglegentissimum
1174 2872 1267 2927 toturn

169 2979 195 3020 v.
217 2965 276 3023 236
297 2964 425 3024 omisisse
444 2965 609 3038 oomperies.
652 2965 721 3024 Jam
739 2965 926 3040 interpolator
944 2971 1050 3040 noster,
1082 2966 1129 3038 qui
1157 2965 1188 3024 in
1217 2965 1266 3024 illo

167 3061 323 3133 exemplari
351 3065 443 3120 totam
463 3062 584 3121 Aetnam
600 3062 731 3135 perlegit,
764 3063 790 3121 ai
811 3068 933 3122 metum
955 3064 1031 3125 insto
1051 3063 1140 3137 magis
1160 3062 1266 3122 ahum-

166 3173 233 3216 oare
251 3157 376 3230 videre,
406 3157 537 3216 nonnihil
556 3157 776 3217 suoourrendum
806 3163 887 3218 murs
905 3160 991 3220 metri
1020 3159 1152 3234 explendi
1171 3175 1264 3232 eausa

167 3270 241 3327 quae
254 3254 284 3312 in
296 3259 420 3314 mentem
438 3255 597 3328 veniebant,
618 3255 712 3313 terami
724 3256 853 3324 inseruit,
874 3273 938 3316 aum
958 3261 1053 3317 amen
1070 3256 1267 3331 supersederet

166 3357 252 3410 antea
271 3352 359 3425 probe
379 3369 496 3426 operam
516 3353 593 3425 dure,
614 3356 647 3411 ut
666 3357 769 3426 poetae
788 3359 912 3413 mentem
932 3355 1002 3414 satia
1021 3356 1068 3426 vel
1088 3354 1267 3427 intellegeret

168 3450 215 3507 vel
234 3449 389 3522 indagaret
431 3451 501 3510 Tale
520 3455 616 3509 autem
637 3450 883 3511 artosohediasma
899 3456 980 3512 tenes
1001 3455 1098 3511 nostro
1118 3450 1194 3523 loeo,
1215 3449 1266 3508 ubi

166 3546 332 3606 uilissimum
350 3547 520 3606 vocabulum
554 3553 696 3621 ,semper“
731 3548 793 3607 vioe
813 3547 939 3623 iungbm
955 3547 1107 3622 deperditi.
1148 3546 1183 3607 V.
1203 3547 1264 3606 23¹9

169 3642 200 3701 in
223 3644 377 3716 exemplari
396 3643 610 3719 interpolatoris
630 3646 672 3706 sio
689 3647 864 3720 perscriptus
879 3645 1025 3706 ¹exstabat:
1050 3649 1196 3719 ,tempora
1216 3661 1266 3704 our

166 3740 278 3799 radent
297 3741 364 3799 anni
382 3742 475 3814 prima
493 3742 627 3802 iuventa“
650 3744 754 3802 omissa
779 3759 847 3802 voee
880 3746 979 3814 ,uer“:
1010 3743 1142 3801 eontinuo
1174 3742 1266 3815 parti-

167 3838 259 3920 culam
282 3841 370 3910 „que“
392 3838 531 3899 vocabulo
553 3840 681 3914 ,primm
704 3840 835 3899 adiunxit
848 3844 956 3899 noster:
978 3839 1035 3898 iam
1045 3842 1168 3898 metrum
1186 3843 1265 3900 reete

167 3951 197 3993 se
217 3933 311 4005 babet,
332 3934 357 3992 si
390 3935 517 4008 ,prima“
549 3937 642 3996 animo
674 3937 820 4010 eoniungis
848 3952 915 3996 aum
934 3935 1074 3995 vocabulo
1108 3939 1265 4005 ,aeetute¹‘⁸

165 4032 244 4090 Idem
264 4031 301 4114 de
320 4047 347 4090 v.
369 4033 425 4090 2³7
450 4033 608 4106 dicendum,
630 4034 710 4093 ouius
730 4034 804 4092 bauo
822 4032 941 4093 formam
960 4033 1122 4106 reperiebat
1139 4033 1267 4109 interpo-

165 4129 253 4186 lator:
275 4128 393 4201 „nubila
406 4145 457 4187 eur
477 4131 555 4189 eaelo
570 4130 720 4190 demntiet
734 4131 870 4191 imbrm‘.
912 4130 1049 4204 „'.lerris“
1069 4131 1098 4190 ei
1117 4131 1266 4190 videbatur

168 4241 232 4282 unm
251 4225 390 4284 vocabulo
411 4227 531 4300 „oaelo“
551 4227 696 4301 aptissime
710 4227 840 4302 componi
853 4243 906 4288 neo
918 4243 975 4288 non
985 4233 1079 4288 metro
1092 4227 1263 4299 emisam,

166 4322 348 4394 quamobrem
367 4337 424 4382 non
438 4323 588 4384 dubitabat
602 4326 713 4384 textum
725 4325 776 4384 illa
796 4340 865 4385 vooe
876 4329 943 4400 post
957 4325 1128 4385 uocabulum
1148 4324 1264 4394 „oaelo“
