3108 5202
596 596 806 660 ..61-

147 809 284 883 primario
304 808 408 867 montis
430 811 540 866 cratero
559 806 613 865 hoc
633 811 731 880 neget,
758 805 794 865 cf.
819 821 846 864 v.
870 807 927 866 330
954 821 1028 878 sqq„
1054 822 1080 863 v.
1105 806 1161 865 158
1181 821 1254 878 sqq.:

146 907 200 965 illa
220 907 296 964 enim
309 904 457 977 foramina,
479 921 552 977 quae
565 911 631 964 sunt
644 905 674 963 in
687 905 825 964 lateribus
838 905 959 975 Aetnae,
980 903 1109 977 longiore
1121 904 1256 976 varioque

146 1002 253 1072 itinere
277 1003 430 1061 interiecto
457 1002 551 1060 omnia
574 1002 679 1060 itemm
699 1002 841 1075 prodeunt
860 1001 888 1060 in
910 1003 967 1060 imo
988 1009 1099 1062 cratere
1120 1001 1256 1075 primario

146 1104 182 1158 nt
213 1115 302 1159 venae
332 1115 366 1158 ac
397 1099 572 1172 spiramenta
602 1100 734 1172 spiritum
757 1117 834 1172 aqua
858 1116 986 1173 pressum
1011 1099 1256 1159 vehementissimo

146 1198 257 1270 impetn
277 1197 307 1256 in
327 1196 482 1254 maximnm
502 1201 615 1256 cratera
633 1195 777 1270 inflantia,
799 1196 835 1256 ci.
856 1214 882 1256 v.
906 1196 962 1255 176
983 1212 1059 1269 ειμι,
1080 1196 1130 1256 ubi
1149 1214 1177 1257 v.
1200 1197 1256 1254 177

147 1295 258 1367 optime
278 1295 372 1367 „sibi‘
386 1312 438 1369 pro
451 1294 557 1353 tradito
572 1294 656 1368 ,‚sui“
672 1295 834 1354 emendavit
847 1295 987 1368 Longius:
1009 1296 1118 1353 concha
1131 1295 1258 1354 Tritonis

147 1394 304 1466 respondet
323 1393 459 1466 primario
480 1410 515 1453 ac
534 1410 642 1453 summo
663 1393 769 1452 crateri
788 1392 934 1466 Aetnaeo,
962 1393 1011 1466 qni
1036 1391 1173 1466 exspirat
1192 1397 1257 1450 tan-

147 1491 307 1551 tummodo:
328 1490 436 1550 intrant
456 1491 535 1550 venti
555 1491 586 1550 in
605 1495 726 1564 utroque
746 1507 832 1564 opere
855 1491 911 1550 alio
933 1491 1043 1564 itinere,
1064 1495 1097 1548 ut
1118 1496 1146 1549 et
1166 1506 1257 1562 aquae

146 1588 215 1647 illos
234 1589 411 1661 instigantes.
452 1588 597 1648 Hactenus
622 1588 831 1647 desuetorum
854 1592 1016 1646 nostrorum
1036 1588 1256 1660 conspiratione.

144 1697 152 1710 ·
230 1684 288 1744 Sed
306 1685 533 1746 iamaudiamns
553 1685 753 1758 Baehrentcm‚
775 1685 824 1757 qni
844 1702 872 1759 p.
889 1688 927 1746 30
947 1685 1019 1744 baec
1039 1685 1139 1743 habet:
1161 1686 1255 1758 „Nam

147 1782 180 1840 in
201 1783 299 1841 eodem
319 1783 412 1856 capite
432 1781 483 1860 (sc.
504 1781 541 1843 N.
563 1781 597 1856 Q.
619 1783 677 1850 111,
704 1782 756 1858 26)
777 1798 850 1854 quae
870 1783 906 1841 de
924 1781 1087 1842 fluminibus
1105 1783 1136 1840 in
1156 1799 1257 1857 specus

149 1879 348 1940 decidentibus
372 1897 526 1953 rursusque
551 1881 754 1954 apparentibus
778 1879 974 1954 proferuntur,
1006 1896 1042 1939 ea
1071 1882 1142 1940 miro
1173 1881 1256 1939 modo

148 1977 304 2036 concinunt
323 1993 387 2036 cnm
401 1978 511 2039 Aetnae
531 1994 576 2037 vv.
593 1978 649 2035 117
663 1981 753 2050 sqq.“‚
775 1979 813 2037 ad
834 1995 906 2051 quae
926 1980 1013 2037 uerba
1032 1980 1105 2038 haec
1125 1979 1255 2038 adnotat:
1350 1990 1353 2067 j

150 2075 246 2146 „hanc
266 2074 478 2134 similitudinem
498 2073 562 2136 eliis
582 2093 692 2148 quoqne
721 2076 792 2135 locis
813 2077 991 2150 perspicuam
1012 2093 1047 2135 ex
1068 2076 1258 2135 communiet

147 2173 261 2232 Aetnae
291 2176 403 2233 auctori
433 2178 463 2233 ot
482 2172 607 2233 Senecae
636 2173 714 2232 fonte
744 2173 886 2246 explico.“
927 2174 983 2233 Sed
1007 2174 1064 2233 iam
1089 2189 1195 2245 quaero
1220 2189 1256 2232 ex

147 2269 325 2338 Baehrente‚
357 2287 440 2343 quom
469 2271 584 2331 tandem
613 2270 722 2330 iontem
747 2271 839 2344 dicat,
871 2287 935 2330 cnm
959 2272 1081 2330 sciamus
1101 2271 1257 2344 permultos

147 2366 244 2426 fontes
268 2368 400 2428 eclectice
425 2368 530 2427 adiisse
551 2368 688 2427 Senecam
713 2374 743 2427 et
764 2369 889 2428 Graecos
915 2373 945 2428 et
965 2369 1096 2441 Latinos,
1126 2369 1157 2427 id
1182 2369 1257 2440 quod

147 2481 186 2522 ne
216 2465 278 2537 ipse
312 2465 425 2538 qnidam
455 2464 564 2526 Seneca
599 2466 769 2540 dissimulat,
804 2471 838 2524 nt
873 2467 957 2526 docet
991 2468 1052 2526 cius
1082 2466 1256 2524 naturalium

150 2563 348 2634 quaestionum
367 2579 552 2636 unaquaeqne
572 2563 633 2622 iere
654 2563 768 2637 pagina.

232 2659 362 2734 Apparet
377 2660 465 2733 igitur
478 2662 603 2720 Senecae
616 2661 761 2722 naturales
774 2661 953 2732 quaestiones
965 2660 1002 2720 ab
1016 2661 1127 2720 Aetnae
1140 2667 1257 2720 auctore
1322 2676 1325 2694 ¹

150 2772 255 2830 magua
285 2774 348 2820 cum
379 2757 534 2831 cupiditate
569 2758 696 2818 discendi
731 2759 875 2817 lectitabas
910 2775 984 2827 esse,
1025 2758 1191 2831 prinsquam
1220 2757 1258 2815 ad
1361 2739 1380 2769 s

150 2854 335 2926 pangendum
349 2856 385 2914 de
398 2856 493 2915 Aetna
506 2872 619 2915 carmen
632 2872 663 2915 se
676 2855 827 2929 conferret
850 2873 906 2929 qua
920 2857 955 2914 de
969 2872 1002 2915 re
1021 2856 1125 2915 iniuria
1145 2855 1259 2914 dubitat

151 2950 307 3012 Teuffelius
333 2953 373 3029 (p.
401 2955 458 3014 695
484 2954 586 3014 tertiae
610 2953 766 3030 editionis).
808 2954 886 3025 Quae
907 2970 970 3013 cnm
989 2953 1032 3012 ita
1060 2955 1129 3022 sint„
1161 2954 1258 3014 intra

151 3065 259 3107 annos
280 3052 316 3108 65
338 3053 428 3111 et‘ib
447 3068 475 3124 p.
498 3051 574 3112 Chr.
595 3068 622 3110 n.
644 3057 754 3110 ortum
782 3058 834 3111 est
853 3057 1010 3110 nostrum
1029 3056 1161 3125 poema:
1192 3067 1258 3110 nam
1312 3119 1325 3138 θ
1348 3071 1359 3089 ¹

114 3143 222 3205 ‘iicet
231 3135 502 3220 ipsinselocntionia
513 3149 592 3221 quali
601 3148 829 3209 usnsestSeneca
839 3155 869 3209 et
878 3154 974 3209 noster
984 3155 1091 3220 auctor,
1102 3149 1258 3208 similitudo

152 3259 211 3302 non
224 3246 312 3304 nimia
324 3246 576 3320 animadvertatur,
591 3253 688 3306 tamon
701 3247 845 3321 cogitandi
858 3248 1039 3307 concordiam
1052 3265 1109 3307 non
1122 3264 1256 3322 magnam

151 3342 275 3401 inveniri
304 3344 355 3402 sed
383 3344 535 3410 maximam
565 3349 616 3403 ant
641 3345 719 3404 caeci
744 3362 839 3404 snmus
864 3350 915 3404 ant
940 3345 1074 3405 debemus
1094 3345 1257 3406 concedere.

151 3440 287 3512 Accedit,
314 3442 390 3514 qnod
410 3442 486 3502 alter
505 3442 645 3515 pedestri,
671 3443 745 3501 alter
764 3443 878 3515 poetica
897 3445 1026 3503 oratione
1045 3459 1112 3502 usus
1133 3449 1190 3502 est:
1212 3443 1258 3502 uel
1346 3459 1349 3470 ·

152 3539 207 3598 boc
220 3539 322 3612 ipsum,
345 3539 420 3612 qnod
433 3557 488 3598 non
503 3541 603 3599 eadem
615 3540 721 3613 ubique
734 3541 822 3599 uerba
835 3546 996 3614 occmnunt
1018 3540 1105 3606 facile
1118 3540 1255 3612 explicat:

153 3634 212 3695 Sed
242 3653 278 3694 ne
307 3637 398 3695 uoluit
428 3637 540 3709 quidem
570 3639 600 3696 in
629 3638 699 3711 ipsis
723 3638 819 3696 verbis
843 3639 927 3698 nimis
953 3639 1076 3711 pendere
1097 3655 1132 3697 ex
1152 3638 1259 3698 Seneca

156 3738 263 3801 noster,
285 3733 353 3806 qnia
372 3733 504 3794 nimirum
524 3734 684 3794 describere
697 3736 820 3795 Senecae
841 3751 928 3806 opera
949 3742 979 3794 et
998 3736 1049 3795 alii
1065 3740 1207 3809 poterant,
1229 3739 1259 3793 et

153 3828 256 3903 ipsum,
278 3831 380 3902 quibus
400 3837 464 3891 erat
483 3833 622 3905 moribus
640 3832 707 3892 talis
727 3833 863 3892 facinoris
876 3833 1035 3906 puduisset:
1056 3833 1149 3893 voluit
1162 3832 1259 3892 doceri

153 3943 172 3985 a
192 3928 308 3996 Seneca,
332 3929 373 3987 nil
392 3929 480 3988 aliud.

233 4024 277 4087 At
296 4041 365 4084 vero
386 4027 541 4086 carendum
562 4031 605 4086 ost
625 4043 708 4099 quam
728 4028 859 4099 maxime,
880 4042 916 4086 ne
936 4027 1017 4086 illinc
1035 4027 1167 4086 continuo
1181 4026 1259 4098 sequi

155 4124 272 4192 clames,
297 4128 331 4182 ut
350 4124 479 4183 Lucilius
498 4123 593 4182 iunior
612 4125 784 4196 po'e'matium
804 4129 933 4183 nostrum
953 4125 1167 4198 conscripserit:
1189 4124 1259 4182 haec

155 4227 200 4285 eet
224 4223 310 4295 longe
334 4211 550 4295 clffi'quaescio.
592 4222 677 4293 Quasi
697 4237 754 4280 non
779 4222 889 4295 possint
917 4222 949 4280 in
974 4238 1055 4280 usum
1075 4226 1259 4302 uocataesse
1369 4206 1382 4304 ι’

157 4320 305 4392 Senecae„
314 4318 464 4378 clarissimi
484 4319 562 4378 illius
581 4318 756 4392 philosophi,
777 4318 886 4392 scripta
906 4319 992 4378 etiam
1013 4319 1048 4378 ab
1070 4299 1128 4376 aiio
1146 4318 1258 4376 bomine
