3108 5202
567 623 781 686 ...15-

196 830 288 901 Quam
309 847 378 889 vero
404 832 507 890 misere
538 833 576 891 sit
608 837 638 890 et
658 833 816 906 depravata
847 840 876 892 et
895 836 1070 907 interpolata
1092 837 1232 896 memoria

110 925 257 984 librorum
282 934 399 1000 praeter
420 929 607 1001 Gyraldinum
633 932 770 1004 omnium,
803 933 828 990 is
853 933 965 991 demum
990 949 1057 990 vere
1079 933 1229 1005 intellegit,

112 1023 166 1092 qui
188 1039 290 1104 versus·
316 1027 486 1094 lae-287,
519 1028 616 1098 qualos
637 1029 727 1086 ceteri
751 1029 819 1087 libri
845 1030 991 1099 exhibent,
1022 1029 1232 1102 comparaverit

112 1135 182 1177 oum
202 1125 285 1179 textu
300 1121 451 1194 Gyraldini
471 1124 578 1183 codicis
592 1125 731 1197 primarii.
762 1126 837 1184 Mihi
856 1127 954 1197 igitur,
967 1127 1017 1198 qui
1033 1127 1103 1185 artis
1113 1127 1233 1185 criticae

114 1215 147 1273 in
158 1215 257 1275 Aetna
267 1219 442 1277 emendanda
457 1221 632 1280 exercendae
644 1221 738 1280 solida
747 1222 875 1280 iacturus
892 1224 945 1280 sim
954 1222 1146 1295 fundamenta,
1161 1239 1232 1296 pro-

113 1315 302 1374 ficiscendum
316 1321 361 1372 est
374 1315 410 1374 ab
429 1317 474 1376 his
490 1316 546 1376 150
560 1319 690 1377 versibus
705 1324 735 1378 et
747 1319 815 1377 hinc
828 1327 963 1379 accurata
977 1325 1006 1378 et
1019 1321 1118 1379 subtili
1132 1321 1232 1379 obser-

113 1412 234 1471 vatione
254 1411 337 1470 firma
351 1413 527 1472 enucleanda
547 1430 655 1486 norma,
679 1431 735 1486 qua
745 1415 817 1474 duce
830 1432 877 1475 res
892 1417 1004 1489 agenda
1013 1417 1045 1474 in
1057 1421 1152 1476 cetera
1166 1433 1233 1476 car-

114 1509 202 1568 minis
212 1515 304 1583 parte,
315 1508 366 1567 ubi
380 1526 427 1569 res
442 1511 543 1568 critica
552 1511 583 1568 in
598 1511 762 1570 conditione
777 1518 908 1572 versatur
924 1514 1013 1572 multo
1030 1514 1232 1587 desperatiore.

117 1746 166 1817 Ex
182 1746 381 1832 interpolato
403 1746 587 1832 archetypo
603 1745 741 1817 tloxisso
757 1747 861 1818 libros
879 1749 1013 1834 praetor
1028 1748 1234 1834 tyralotuom

192 1869 309 1922 omnes
333 1852 492 1938 exemplis
515 1850 667 1922 truatur
690 1870 731 1923 ox
755 1871 807 1924 νν.
832 1854 1004 1924 138-287
1028 1855 1151 1941 petitia.

203 1994 247 2052 De
271 1995 381 2053 virtute
396 1994 547 2068 Gyraldiui
566 1995 635 2052 libri
655 1995 727 2054 viris
747 1995 839 2054 doctis
858 2011 1035 2068 nequaquam
1056 1996 1153 2055 statim
1172 2013 1237 2056 oon·

120 2091 213 2149 venit:
241 2107 305 2150 cum
326 2092 402 2150 enim
421 2093 637 2165 interpolatoris
658 2093 700 2150 ita
720 2093 886 2164 plemmqua
918 2125 955 2136 -
986 2109 1044 2151 non
1063 2109 1179 2166 semper
1201 2127 1237 2135 -

121 2194 289 2262 comparata
315 2189 355 2246 sit
379 2206 441 2257 ars,
472 2195 506 2247 ut
525 2189 700 2249 oblitteratis
719 2193 837 2248 suturae
862 2189 991 2262 vestigiis
1011 2190 1048 2249 ab
1068 2191 1131 2263 ipso
1153 2195 1239 2263 poeta

122 2284 255 2359 proiecta
275 2302 344 2358 esse,
373 2302 445 2358 quae
465 2286 665 2359 interpolatori
685 2285 832 2358 debentur,
856 2285 1051 2345 affirmaturos
1071 2287 1109 2345 sit
1129 2287 1166 2359 is,
1188 2288 1239 2358 qui

123 2383 257 2442 subtilius
278 2382 430 2441 obseruare
449 2398 550 2453 pamm
571 2381 718 2454 didicerit,
745 2383 868 2454 primum
893 2383 1032 2454 optimum
1057 2383 1163 2442 duxere
1183 2384 1239 2443 viri

124 2480 204 2539 docti
224 2480 402 2552 aliquantum
421 2477 553 2537 diffidere
576 2478 751 2551 Gyraldino,
782 2479 826 2536 ita
851 2482 884 2537 ut
909 2494 966 2536 non
985 2483 1155 2538 vererentur
1179 2496 1240 2539 rem

128 2578 212 2650 plane
232 2577 376 2635 invertere
391 2578 420 2634 et
435 2575 623 2648 Gyraldinum
634 2574 840 2647 interpolatum
855 2591 916 2634 esse
931 2576 1062 2648 clamare,
1085 2576 1240 2636 defendere

125 2673 384 2733 Helmstadiensem
405 2675 436 2729 et
448 2670 835 2745 poateaOautabrigieusem.
867 2672 1023 2730 Paullatim
1044 2673 1156 2733 demum
1178 2674 1240 2748 Gy-

127 2772 255 2830 raldiuae
294 2768 476 2827 membranae
509 2769 715 2840 praestantiam
751 2783 904 2841 agnoscere
943 2768 1105 2828 didicerunt
1138 2771 1240 2839 critici,

126 2879 297 2942 quamquam
318 2884 372 2941 ogo
393 2868 419 2925 si
429 2868 553 2926 Aetnam
572 2868 695 2935 ederem,
717 2867 810 2940 magis
830 2868 917 2926 etiam
931 2885 1016 2940 quam
1029 2869 1121 2928 adhuc
1134 2867 1242 2926 iactum

128 2972 181 3035 est,
203 2964 355 3039 Gyraldini
388 2965 511 3038 vestigia
532 2980 700 3037 premerem.
755 2963 949 3023 Transeamus
969 2966 1027 3023 iam
1052 2965 1090 3023 ad
1119 2965 1241 3037 singula.

207 3062 318 3122 Efficax
346 3062 507 3135 exemplum
537 3061 703 3134 interpolati
733 3061 875 3120 secundae
906 3062 1004 3121 classis
1035 3062 1164 3120 codicum
1195 3077 1243 3120 ar-

129 3162 247 3234 chetypi
266 3165 347 3219 tenes
367 3161 397 3217 in
416 3176 442 3217 v.
465 3161 537 3230 253,
562 3158 612 3217 ubi
632 3158 695 3217 sine
715 3157 800 3217 dubio
820 3158 974 3232 legendum
995 3175 1059 3217 cum
1084 3157 1242 3231 Gyraldiuo

133 3273 279 3329 ,quaeque
299 3259 329 3315 in
350 3262 413 3325 ea‘,
435 3272 492 3314 non
514 3261 563 3327 ,et
582 3271 655 3328 quae
679 3260 781 3314 uuno“.
832 3254 910 3328 Quid
930 3255 1006 3314 enim
1035 3255 1158 3328 ineptius
1189 3255 1244 3314 hoc

132 3358 195 3414 loco
214 3354 317 3412 vocula
341 3353 469 3423 ,uunc“l
510 3354 610 3424 Neque
630 3367 700 3410 vero
721 3352 870 3423 quisquam
883 3353 984 3411 doctus
997 3353 1155 3426 periculum
1174 3351 1246 3410 iecit

132 3453 231 3511 tuendi
252 3452 306 3510 hoc
327 3446 605 3523 interpolamoutum.
646 3449 783 3507 Attamen
803 3449 1014 3508 Wemsdorfius
1035 3453 1065 3507 et
1081 3448 1245 3507 Meinekius

137 3549 248 3608 Goralli
269 3546 463 3606 comentumm
486 3550 534 3617 ,et
553 3562 626 3618 quae
646 3545 748 3604 huius‘·
770 3545 983 3604 incantantum
1002 3549 1173 3617 receperunt
1193 3545 1244 3617 ita,

136 3652 168 3704 ut
203 3646 322 3716 ,huius“
356 3644 538 3703 referendum
576 3644 615 3702 sit
647 3643 685 3701 ad
718 3647 828 3701 terram
861 3648 891 3701 et
924 3642 1148 3716 coniungaudum
1182 3659 1246 3700 oum

134 3741 271 3801 vocabulo
295 3746 443 3813 ,natura“.
485 3741 552 3800 Hoc
582 3741 743 3813 exemplum
773 3740 916 3812 praemisi,
949 3738 1017 3811 quia
1047 3744 1092 3798 est
1121 3740 1159 3798 ad
1179 3756 1247 3812 per·

136 3839 310 3898 suadendum
334 3839 524 3912 aptissimum:
552 3854 668 3897 oausam
693 3836 779 3895 huius
798 3837 1027 3910 interpolationis
1052 3836 1129 3894 infra
1149 3837 1247 3894 adum·

138 3935 240 4008 brabo,
271 3937 321 3994 ubi
341 3935 429 3996 verba
454 3935 524 3993 fient
556 3936 593 3994 da
622 3935 825 3995 vocabulorum
859 3934 986 3994 iacturis.
1023 3965 1059 3977 -—
1093 3933 1190 3992 Etiam
1217 3933 1248 3990 in

140 4031 321 4104 sequentibus
341 4036 490 4104 grassatus
510 4034 557 4089 est
576 4031 775 4103 interpolator.
809 4029 966 4090 Videamus
987 4031 1109 4103 primum
1126 4047 1153 4090 r.
1179 4031 1246 4102 256,

140 4129 186 4200 qui
205 4129 236 4186 iu
257 4127 417 4200 Gyraldino
438 4127 480 4186 sic
500 4127 616 4201 legitur:
641 4127 690 4198 ,in
708 4128 788 4188 lovis
809 4132 952 4188 errantem
973 4143 1061 4201 reguo
1084 4127 1249 4201 perquirere

140 4226 268 4298 diros“,
290 4239 364 4296 quae
385 4229 429 4282 est
448 4225 562 4298 elegans
582 4229 670 4297 atque
689 4224 803 4297 integra
823 4225 974 4283 sententia.
1006 4223 1064 4284 Sed
1083 4223 1156 4290 ride,
1178 4222 1247 4294 quid

141 4322 228 4382 ceteri
247 4321 316 4380 libri
336 4319 504 4379 exhibeant:
