3108 5202
605 630 815 692 „27-

239 838 331 913 „Nam
352 841 539 912 simulatque
559 844 687 899 movent
706 840 779 899 vires
800 839 967 912 turbamque
987 839 1167 911 minantur,
1252 829 1271 854 ”

238 935 361 1009 Diffugit
379 938 576 1010 extemploque
597 937 688 1000 solum
708 936 799 996 trahit
818 936 943 1008 undique
963 936 1050 994 rimas
1070 953 1095 996 e.
1116 952 1146 1007 q.
1167 936 1218 1003 s.“,

154 1052 200 1110 ita
219 1056 252 1109 ut
273 1051 362 1110 solum
383 1052 494 1111 dicatur
516 1051 654 1126 diffugere
675 1056 705 1111 ct
724 1053 811 1112 rimas
831 1052 959 1124 trahere,
993 1051 1144 1124 „movent“
1164 1049 1260 1107 autem

154 1149 234 1208 idem
259 1149 297 1208 sit
318 1150 393 1221 quod
413 1152 615 1224 „moventur“,
647 1149 682 1210 cl.
702 1168 729 1210 v.
751 1151 809 1209 295
830 1155 860 1209 et
880 1153 1030 1223 praeterea
1051 1146 1261 1221 „provolvunt‘

154 1263 185 1307 v.
206 1248 272 1319 469,
305 1246 460 1319 „volvens“
480 1265 506 1305 v.
528 1249 586 1307 493
608 1251 661 1306 etc.
703 1247 767 1305 Non
787 1247 877 1320 igitur
897 1263 960 1304 cum
980 1246 1142 1304 Baehrcnte
1161 1243 1258 1315 facies,

156 1343 216 1416 qui,
236 1348 270 1401 ut
290 1360 387 1402 sanum
408 1345 564 1404 subiectum
584 1345 658 1416 quod
677 1348 781 1404 vocant
800 1347 1014 1418 grammaticum
1040 1342 1259 1408 nancisceretur,

156 1440 306 1499 dubitante
325 1441 404 1499 voltu
425 1441 557 1513 „Aetna“
577 1441 725 1514 proposuit
750 1457 803 1514 pro
824 1457 867 1513 eo,
889 1440 965 1512 quod
985 1438 1139 1498 desiderari
1158 1435 1257 1511 possit,

157 1539 294 1610 ‚,atque‘t
334 1537 433 1609 Neque
458 1539 533 1596 enim
557 1533 657 1596 saxum
680 1538 756 1596 vires
776 1544 880 1596 movet.
923 1536 981 1597 Sed
1000 1536 1133 1608 quoniam
1153 1551 1179 1595 v.
1202 1533 1259 1592 612

156 1633 327 1706 sanavimus,
349 1635 514 1708 priusquam
533 1635 682 1693 redeamus
702 1634 740 1692 ad
757 1634 945 1708 propositum,
967 1650 1023 1707 age
1036 1632 1183 1690 interiecto
1197 1630 1260 1689 bre·

155 1731 274 1790 visslmo
296 1747 416 1790 excursu
436 1732 533 1791 videas
552 1749 675 1805 mecum,
697 1748 763 1790 num
784 1732 869 1790 vicini
889 1731 950 1790 fere
970 1747 1068 1790 versus
1089 1731 1145 1788 610
1167 1731 1259 1787 extre-

155 1844 235 1886 mum
264 1828 434 1886 vocabulum
466 1845 532 1888 vere
556 1835 687 1888 sanatum
706 1829 737 1886 in
757 1829 928 1888 editionibus
949 1827 1171 1886 circumferatur.
1213 1823 1260 1883 Ac

156 1925 285 1998 primum
305 1925 419 1996 quidem
439 1927 567 1985 codicum
586 1927 659 1988 illud
679 1932 832 2000 „torquet“
854 1926 913 1985 sine
928 1926 1012 1985 dubio
1027 1925 1258 1997 corruptumst,

156 2039 222 2081 nam
255 2023 395 2081 sententia
425 2023 521 2096 prodit
550 2026 682 2097 molesta,
715 2025 849 2097 obscura,
884 2025 982 2097 inepta
1006 2020 1166 2096 denique1).
1206 2019 1260 2076 Est

156 2123 254 2178 autem
279 2135 336 2178 una
355 2121 548 2179 tantummodo
569 2121 699 2180 adhunc
720 2121 794 2180 diem
814 2120 962 2193 proposita
981 2118 1155 2187 emendatio,
1187 2131 1259 2188 quae

157 2220 203 2274 est
223 2215 367 2290 Scaligeri,
390 2218 438 2290 qui
457 2221 590 2291 „tcrpet“
612 2218 719 2291 elicuit,
739 2235 825 2291 quam
846 2219 1037 2277 coniecturam
1056 2215 1179 2288 amplexi
1193 2217 1259 2272 sunt

156 2313 314 2386 Hauptius,
347 2312 490 2388 Sauppius
519 2314 560 2390 (v.
586 2315 679 2374 annal.
715 2315 788 2374 doct.
810 2314 940 2386 Gotting.
970 2314 1061 2381 1874,
1092 2313 1155 2383 lp.
1177 2309 1257 2384 487),

155 2409 312 2470 Baehrens.
341 2410 405 2469 Hoc
424 2416 518 2470 tamen
538 2411 671 2484 torpendi
690 2411 809 2470 verbum
828 2415 926 2469 nostro
947 2411 1009 2468 loco
1031 2425 1088 2467 non
1107 2408 1150 2468 ita
1170 2408 1256 2481 signi-

156 2503 278 2565 ficanter
308 2505 365 2565 dici
393 2508 465 2566 bene
489 2507 561 2566 vidit
580 2509 695 2580 Munro,
727 2524 791 2565 cum
811 2512 939 2566 moneret
958 2522 1016 2564 non
1036 2507 1259 2565 solere-caelum

156 2603 302 2662 immobile
334 2619 394 2663 esse
424 2620 460 2663 ne
489 2620 588 2663 sereno
608 2604 722 2677 quidem
742 2605 829 2673 Jove,
861 2606 964 2664 nedum
984 2605 1014 2662 in
1034 2603 1258 2676 tempestatibus.

156 2700 198 2758 Et
227 2705 306 2759 recte
325 2701 450 2772 quidem!
481 2702 610 2774 Namque
640 2696 672 2759 in
696 2703 913 2774 tempestatibus
934 2703 1074 2762 elementa
1095 2701 1257 2760 turbulento

156 2798 267 2869 impetu
288 2797 430 2857 concitata
449 2815 576 2872 pugnare
594 2798 690 2871 potius
710 2800 738 2858 et
757 2799 904 2858 incurrere
924 2816 1009 2873 quam
1029 2804 1145 2873 torpere
1164 2797 1259 2856 videri

157 2894 244 2953 facile
264 2899 391 2968 apparet.
422 2896 501 2956 Solet
514 2912 583 2955 sane
596 2899 675 2955 ante
686 2899 885 2969 tempestatem
899 2903 999 2971 torpor
1009 2896 1123 2971 quidam
1138 2897 1260 2969 desuper

157 2992 307 3062 incubare,
338 2993 388 3052 sed
407 3010 464 3052 non
483 2995 544 3066 ipsa
563 2998 731 3067 tempestate
751 2997 863 3068 exorta,
894 3011 979 3067 quam
1000 3001 1096 3054 nostro
1116 2995 1180 3053 loco
1200 2993 1259 3051 iam

158 3095 287 3148 exortam
318 3106 378 3148 esse
411 3095 444 3148 ut
474 3096 605 3163 putemus
636 3091 737 3150 suadet
766 3109 792 3149 v.
816 3091 888 3164 609,
920 3092 969 3150 ubi
989 3090 1134 3164 fulgurare
1155 3091 1259 3149 dicitur

159 3187 268 3247 aether.
299 3187 393 3259 Atque
414 3204 466 3260 ego
487 3188 601 3260 quidem
620 3204 676 3247 non
697 3189 804 3257 dubito,
826 3189 895 3260 quin
914 3189 984 3246 mihi
1002 3188 1160 3261 contigerit,
1182 3191 1213 3245 ut
1230 3186 1260 3244 id

158 3285 277 3342 verbum
297 3285 490 3358 restituerem,
523 3285 599 3357 quod
628 3302 646 3344 a
664 3289 751 3358 poeta
770 3287 909 3359 scriptum
930 3290 973 3345 est
993 3285 1138 3353 hocloco,
1160 3289 1260 3357 „tur-

160 3379 309 3456 gnet“²).
349 3381 429 3440 Haec
449 3381 560 3440 demum
580 3387 649 3455 apta
669 3382 811 3442 sententia
831 3387 875 3441 est
899 3386 985 3454 atque
1005 3381 1150 3441 lenissima
1169 3379 1260 3437 medi-

161 3477 226 3536 cina
245 3478 390 3538 restituta.

240 3575 338 3646 Neque
358 3590 424 3633 vero
444 3573 546 3634 fortior
564 3575 678 3634 videtur
697 3576 767 3634 mihi
787 3592 822 3634 ea
841 3576 983 3635 medicina
1002 3590 1077 3642 esse,
1103 3589 1187 3645 quam
1207 3573 1259 3632 ad-

160 3671 246 3730 hibeo
266 3671 361 3730 versui
382 3672 449 3733 569.
479 3671 533 3730 Est
553 3671 628 3730 enim
647 3689 700 3745 pro
721 3673 817 3745 inepto
839 3672 914 3744 quod
926 3671 994 3729 libri
1008 3671 1113 3729 habent
1136 3670 1260 3744 ,magni-

162 3766 230 3828 ficas
250 3769 366 3827 laudes“
398 3768 572 3827 reddendum
602 3773 720 3841 poetae:
743 3769 819 3842 quod
837 3769 981 3827 indicatur
1004 3783 1089 3826 versu
1110 3769 1180 3835 574,
1211 3767 1261 3826 ubi

251 3973 274 4042 ¹)
292 3971 395 4026 Versus
426 3970 499 4026 enim
522 3973 574 4027 610
591 3972 744 4027 subiectum
760 3970 925 4026 vocabulum
942 3969 1072 4040 ,aether“
1091 3985 1152 4025 esse
1170 3969 1261 4040 debet,

162 4063 194 4116 66
216 4061 296 4117 docet
320 4076 387 4115 sana
403 4061 608 4131 interpretatio:
631 4077 688 4116 666
705 4061 771 4116 licet
788 4077 849 4114 oum
868 4061 972 4117 Jacobo
991 4063 1020 4116 et
1037 4059 1171 4115 Nunrone
1189 4058 1261 4126 cogi-

162 4150 222 4204 tare
241 4149 275 4205 de
294 4149 374 4220 Jove,
393 4166 463 4221 quae
482 4152 621 4206 structura
638 4167 695 4205 non
711 4151 765 4204 nisi
783 4150 897 4204 artificio
917 4151 1096 4220 extorquetur
1115 4150 1144 4203 et
1160 4164 1196 4203 ne
1215 4162 1259 4200 ex-

163 4237 236 4292 torta
254 4237 365 4308 quidem
383 4239 536 4293 sententiae
553 4236 749 4308 perspicuitate
767 4235 980 4294 commendatur.

250 4327 271 4395 ²)
290 4325 447 4381 Verisimile
466 4329 509 4382 est
525 4324 611 4380 fuisse
629 4325 659 4380 in
676 4325 825 4395 archetypo
844 4326 998 4396 „tinguet“,
1016 4341 1072 4380 non
1091 4325 1225 4394 ,turget¹‘.
