3108 5202
596 606 805 669 ..43-

144 815 285 874 curabat?
326 815 418 874 Hodie
450 815 629 873 Bruttiorum
660 821 739 874 terra
770 815 906 874 Calabria
930 821 1064 888 vocatur,
1091 821 1134 875 est
1159 820 1257 873 autem

144 913 233 970 hodie
253 918 316 972 tota
335 912 478 984 Calabria,
501 919 534 971 ut
554 931 617 972 cum
639 915 760 972 Daniele
773 915 874 986 loquar
896 914 1066 988 (Handbnch
1086 914 1137 971 der
1152 914 1255 986 Geogr.

143 1011 185 1070 H.
211 1015 279 1070 tom.
305 1028 332 1084 p.
360 1011 445 1086 270),
481 1028 554 1081 „von
574 1012 625 1070 der
650 1012 811 1084 gitihenden
832 1012 925 1071 Sonne
946 1013 1004 1070 und
1024 1012 1117 1069 einem
1142 1011 1256 1070 Heerde

144 1109 375 1167 unterirdischen
396 1110 506 1167 Feners
525 1108 655 1182 ungleieh
680 1110 816 1168 erhitzt“.
857 1109 917 1166 lam
943 1124 978 1166 eo
1003 1108 1081 1180 loco,
1113 1108 1163 1166 ubi
1189 1108 1257 1165 olim

144 1203 227 1263 fuere
247 1205 336 1265 Locri
348 1206 542 1279 Epizephyrii,
565 1206 650 1264 hodie
670 1206 743 1264 nihil
763 1211 858 1265 exstat
874 1206 931 1264 nisi
943 1222 1104 1278 perpaucae
1118 1205 1257 1276 quaedam
1303 1275 1308 1289 ι

146 1290 258 1371 ruinae,
280 1320 352 1375 quae
373 1321 409 1362 ne
430 1319 532 1362 nornen
553 1304 666 1374 quidem
688 1319 848 1362 servavere.
890 1303 931 1360 At
950 1319 1018 1361 vero
1041 1304 1068 1360 ei
1089 1303 1161 1375 urbi,
1185 1319 1257 1374 quae

144 1401 277 1472 proxime
297 1403 379 1460 abest
399 1401 435 1459 ab
456 1402 512 1460 illis
533 1401 623 1458 ruinis
645 1433 682 1442 —
704 1401 793 1458 multo
815 1400 933 1472 propius
955 1399 1018 1458 dico
1039 1415 1125 1471 quam
1145 1401 1257 1473 Reggio

143 1530 184 1539 -
207 1499 292 1557 hodie
312 1515 414 1557 nomen
435 1504 479 1558 cst
499 1499 620 1571 Oppido.
662 1498 744 1555 Anno
770 1503 866 1556 autem
897 1501 971 1558 1783
998 1517 1025 1571 p.
1053 1497 1121 1556 Chr.
1143 1515 1171 1557 n.
1193 1498 1257 1571 ipsa
1300 1493 1303 1499 ’

143 1596 217 1653 haec
237 1597 306 1656 urbs
328 1597 438 1670 Oppido
460 1602 489 1654 et
510 1613 607 1655 omnes
627 1597 658 1652 in
679 1596 801 1654 circuitu
821 1597 914 1668 urbes,
941 1599 1038 1668 quales
1064 1601 1130 1654 sunt
1154 1595 1255 1662 Primi,

145 1691 304 1766 Seminane,
327 1694 423 1770 Scilla,
444 1693 568 1767 Reggio‚
590 1693 665 1752 aliae
686 1695 879 1754 subterraneis
901 1695 1012 1768 ignibus
1026 1709 1179 1752 concussae
1193 1710 1255 1752 cor·

145 1807 231 1849 ruere
252 1795 281 1849 et
300 1791 429 1850 funditus
451 1800 517 1849 sunt
538 1792 662 1849 deletae:
684 1792 770 1850 hodie
790 1809 857 1851 sane
872 1792 964 1851 denuo
980 1795 1143 1849 exstructae
1156 1792 1254 1862 multo,

143 1893 179 1944 ut
198 1887 259 1946 fere
280 1886 326 1960 fit,
349 1889 442 1946 nitent
463 1889 634 1962 elegantius:
657 1888 693 1946 oi.
709 1889 858 1948 Danielem
879 1891 898 1950 l.
920 1891 939 1947 l.
961 1907 988 1963 p.
1013 1890 1068 1946 271
1091 1894 1121 1946 et
1140 1893 1256 1961 praeter

143 1989 256 2044 ceteros
277 1986 312 2044 de
332 1984 422 2044 Hoifii
448 1987 562 2058 librum,
591 1988 639 2058 qui
664 1987 844 2045 inscribitur:
874 1987 1064 2056 „Geschichte
1090 1986 1140 2044 der
1166 1985 1255 2042 durch

143 2071 364 2156 iiberlieferung
383 2084 632 2156 nachgewiesenen
653 2084 835 2142 natiirlichen
856 2085 1097 2156 Veranderungen
1117 2084 1169 2142 der
1181 2083 1255 2141 Erd-
1361 2135 1364 2140 .

143 2179 335 2248 oberflsonu,
358 2180 461 2251 Gotha,
485 2183 571 2252 1824,
592 2182 698 2252 inquo
720 2197 808 2253 opere
829 2187 896 2240 tom.
918 2183 947 2240 ΙΙ
967 2198 995 2254 p.
1012 2183 1070 2239 234
1091 2198 1151 2252 sqq.
1172 2181 1256 2238 uber-

145 2279 218 2337 rime
240 2285 270 2335 et
290 2279 502 2337 accuratissime
523 2283 570 2336 est
591 2279 626 2336 de
646 2279 723 2337 illins
744 2279 812 2336 anni
836 2283 934 2352 strage
956 2279 1125 2351 expositum.
1166 2278 1254 2336 Anti-

145 2393 232 2447 quum
253 2381 348 2434 autem
368 2393 456 2433 unum
477 2376 579 2434 afferre
600 2392 716 2448 possum
736 2376 928 2434 testimonium
955 2376 991 2435 ab
1017 2377 1108 2434 amico
1134 2376 1255 2448 quodam

144 2479 342 2544 monstratum,
372 2474 446 2545 quod
467 2473 544 2545 ipsos
557 2472 624 2531 illos
638 2473 747 2532 Locros
763 2473 972 2546 Epizephyrios
986 2473 1132 2531 ancaniis
1144 2474 1255 2531 casibus

146 2570 291 2644 expositos
311 2569 398 2630 fuisse
419 2575 479 2628 tam
499 2571 644 2628 luculente
666 2570 774 2641 doceat,
801 2573 833 2626 ut
859 2570 949 2628 omnis
975 2570 1011 2627 de
1031 2570 1138 2628 virtute
1159 2586 1255 2629 emen·

147 2668 272 2726 dationis
291 2684 371 2726 meae
394 2667 581 2726 dubitationis
600 2669 646 2725 vel
667 2668 768 2725 umbra
785 2676 946 2725 evanescat.
981 2667 1110 2739 Namque
1123 2668 1154 2725 in
1168 2667 1255 2726 Statii

144 2768 283 2826 silvarum
302 2767 370 2826 libri
389 2767 421 2824 H
442 2768 567 2825 carmine
587 2766 631 2826 Vi
651 2767 717 2824 inde
739 2782 756 2824 a
776 2783 802 2823 v.
826 2767 862 2825 60
883 2766 955 2824 haec
975 2766 1124 2838 leguntur:

252 2882 292 2952 „0
313 2899 397 2954 quam
418 2881 527 2940 divitiis
548 2897 688 2952 censuque
710 2886 811 2938 exutus
833 2881 927 2952 opimo

249 2980 374 3046 Fortior,
395 2979 477 3050 Urso,
500 2978 588 3036 fores!
610 2978 639 3035 si
659 2979 714 3036 vel
734 2977 889 3037 fumante
909 2979 1011 3036 ruina

249 3078 466 3149 Raptassent
486 3076 579 3134 dites
598 3075 779 3135 Vesuvina
799 3075 961 3133 incendia
981 3076 1126 3147 Locros,

249 3173 306 3232 Seu
326 3173 499 3232 Pollentinos
519 3173 683 3231 mersissent
702 3171 817 3230 flumina
837 3173 935 3244 saltus,

249 3271 305 3329 Seu
328 3316 335 3330 .
358 3315 364 3328 .
388 3317 394 3330 .
418 3315 434 3343 .‚
456 3275 588 3343 paterere
609 3287 711 3329 serena

248 3368 356 3426 Fronte
377 3367 471 3425 deos.“
514 3367 692 3439 Adloquitur
705 3371 791 3440 poeta
804 3367 936 3424 Flavium
951 3367 1063 3438 Ursum,
1086 3383 1170 3438 quem
1186 3384 1252 3425 con-

143 3467 255 3524 solatur
280 3464 315 3522 de
341 3464 492 3523 amissione
516 3465 558 3538 pii
584 3465 729 3523 cniusdam
754 3463 864 3522 famuli.
906 3467 967 3522 lam
994 3465 1081 3537 igitur
1101 3466 1172 3523 haec
1192 3465 1253 3522 vult

142 3563 267 3623 Statius:
291 3561 341 3632 „Si
360 3566 401 3630 tu,
422 3561 505 3634 Ursa,
527 3563 667 3620 iacturam
688 3562 805 3620 fecisses
826 3561 989 3620 divitiarum
1010 3562 1056 3619 vel
1069 3562 1251 3635 praediorum

141 3666 227 3732 atque
258 3658 418 3731 fundorum,
452 3676 486 3717 ea
517 3660 629 3717 iactura
658 3676 715 3718 non
745 3663 856 3717 tantum
883 3660 1009 3718 dolorem
1035 3659 1090 3718 tibi
1114 3666 1250 3732 moveret,

142 3762 282 3830 quantum
302 3758 366 3831 ipsa
385 3758 436 3814 illa
455 3755 614 3814 fidelissimi
633 3756 734 3814 famuli
754 3756 895 3816 amissio.“
940 3757 1102 3817 ‘Vesuvina’
1120 3757 1252 3816 incendia

142 3855 337 3928 intellegenda
357 3860 424 3912 sunt
443 3854 504 3930 sine
527 3854 612 3912 dnbio
633 3855 765 3912 vulcania
785 3854 906 3926 omnino,
929 3855 1005 3926 qnod
1025 3855 1131 3913 dictum
1152 3859 1195 3913 est
1216 3871 1251 3914 ex

140 3957 291 4025 poetarum
312 3968 391 4011 more
411 3951 461 4009 illo
482 3951 639 4023 notissimo,
667 3952 703 4009 de
729 3967 784 4021 quo
811 3967 955 4025 exponere
981 3952 1029 4010 hic
1053 3968 1111 4010 non
1136 3953 1248 4011 attinet.

141 4051 231 4108 Recte
255 4049 443 4107 Marklandus
469 4048 499 4104 in
524 4048 657 4106 editionis
683 4066 712 4118 p.
742 4051 798 4107 115
823 4049 895 4106 haec
915 4049 1014 4107 habet:
1050 4048 1249 4119 „Constructio

141 4151 198 4205 est:
223 4147 256 4205 ‘si
276 4146 419 4205 Vesuvina
437 4145 571 4204 incendia
590 4144 719 4204 fumante
744 4146 828 4204 ruina
853 4146 1009 4204 nudassent
1029 4179 1065 4188 —-
1087 4147 1128 4204 sic
1148 4147 1250 4205 Mark-

141 4243 244 4302 landns
263 4261 315 4316 pro
337 4244 450 4316 vulgato
474 4246 669 4314 „mutassent“
694 4241 761 4317 (hac
786 4242 821 4301 de
846 4259 878 4301 re
903 4259 960 4299 non
986 4243 1152 4316 disputabo,
1183 4259 1250 4301 nam
