3108 5202
624 600 833 664 ..19-

263 773 376 834 Deinde
400 773 545 848 Hauptius
574 773 768 834 arbitrabatur
797 774 857 850 legi
887 774 917 834 iu
948 775 1105 850 Gyraldino
1135 776 1174 854 (u.
1201 777 1273 855 ate)

181 870 241 943 „sic
270 871 347 931 avidi
376 889 487 946 semper
511 888 566 945 quo
586 873 687 931 visum
718 876 761 932 est
792 871 884 931 carior
914 871 1016 946 ipsis“,
1046 873 1114 945 quia
1142 874 1273 933 nimirum

182 969 337 1043 Hactenus,
367 969 416 1042 qui
436 970 524 1028 multo
545 975 611 1028 ante
630 969 823 1028 Baehrentem
843 969 880 1029 ad
899 986 945 1030 vv.
970 970 1125 1030 iii—287
1146 970 1274 1031 Lauren·

183 1065 290 1123 tionum
310 1066 467 1124 contulerat
486 1065 518 1123 in
535 1081 617 1124 nsum
636 1065 798 1138 Matthiaei,
819 1065 861 1125 sic
880 1070 1001 1126 testatus
1021 1071 1095 1126 erat:
1127 1073 1159 1127 at
1178 1069 1273 1142 negle-

180 1166 280 1235 genter
298 1179 359 1222 rem
379 1167 477 1236 egerat
495 1163 655 1221 Haerenus:
694 1161 841 1221 Baehrens
861 1163 935 1220 enim
965 1163 1022 1237 legi
1042 1163 1123 1224 docet
1157 1165 1273 1240 „quovis

178 1264 255 1332 est‘,
275 1259 350 1318 unde
371 1259 476 1333 optime
490 1257 587 1317 elicuit
599 1257 674 1316 idem
696 1257 830 1330 „quaevis
844 1263 924 1326 νοεῖς
944 1274 1010 1317 nam
1029 1259 1061 1318 in
1077 1262 1272 1321 comtituendo

179 1374 275 1416 versus
306 1358 361 1416 273
392 1360 473 1416 textu
493 1355 652 1415 faventibus
671 1355 761 1415 Musis
791 1360 920 1416 versatus
940 1359 984 1415 est
1007 1355 1161 1431 Baehrens,
1192 1358 1272 1418 cuius

179 1453 336 1514 emendatio
366 1455 427 1513 sola
446 1453 568 1525 quadrat
593 1452 742 1512 hocloco:
774 1451 868 1510 omnia
898 1455 993 1512 cetera
1012 1457 1169 1512 commenta
1188 1454 1272 1514 valde

178 1551 348 1610 claudicant.
387 1549 463 1609 Olim
488 1565 539 1624 ego
563 1553 780 1624 temptaveram:
813 1549 872 1620 „sic
902 1548 990 1608 avidis
1020 1565 1132 1624 semper
1160 1551 1272 1622 quiduis

178 1652 222 1708 est
242 1647 334 1707 carius
364 1647 462 1720 ipsis“,
493 1651 618 1706 attamen
637 1646 806 1706 Baehrentis
836 1646 1061 1706 emendationem
1082 1631 1116 1705 ut
1134 1647 1270 1707 leniorem

176 1743 320 1818 praefero:
342 1759 439 1802 sensus
459 1744 543 1818 plane
562 1742 600 1802 ad
612 1744 688 1802 idem
700 1744 783 1803 redit.
823 1744 866 1804 Ut
883 1744 939 1802 hoc
959 1743 1070 1817 addan,
1091 1743 1123 1802 in
1140 1744 1270 1818 margine

178 1842 309 1901 editionis
329 1840 503 1899 Pithoeanae
532 1843 611 1900 recte
641 1840 805 1899 adnotatum
837 1845 900 1900 erat
929 1839 965 1898 ab
985 1839 1102 1900 Heinsio
1133 1840 1270 1901 collatore

180 1939 295 2012 „quovis
315 1941 376 1996 est“
409 1969 443 1980 -
475 1937 530 1996 hoc
548 1940 671 1996 testatur
689 1937 863 1998 Matthiaeus
892 1969 940 2011 -,
966 1937 1016 1997 sed
1035 1937 1194 2012 neglegenti
1213 1939 1270 1998 ista

177 2035 300 2094 Haereni
313 2033 463 2093 collatione
480 2033 690 2107 infringebatur
702 2035 856 2093 auctoritas
869 2034 953 2094 huius
965 2040 1059 2096 notae.
1097 2035 1141 2094 Ac
1153 2034 1269 2094 Werus·

177 2131 280 2192 dorfius
300 2132 412 2204 quidem
431 2132 502 2191 haee
521 2132 552 2189 in
572 2136 736 2191 contextum
755 2131 875 2206 recepit:

279 2263 454 2337 „implendus
474 2263 528 2323 sibi
547 2264 664 2337 quisque
682 2263 764 2322 bonis
784 2268 828 2322 est
847 2263 969 2335 antibus;
991 2264 1058 2322 illae

276 2366 343 2421 sunt
356 2361 443 2420 animi
461 2359 571 2434 frugem
591 2361 662 2420 haec
680 2375 776 2420 rerum
795 2361 919 2419 maxims
936 2376 1051 2435 merces,

249 2475 321 2535 scire
332 2492 357 2536 e.
371 2492 398 2548 q.
409 2480 450 2537 s.“
463 2475 513 2548 ita,
524 2479 558 2532 ut
573 2475 680 2546 „scire“
695 2473 818 2547 pendeat
829 2490 864 2533 ex
873 2472 1009 2533 vocabulo
1025 2479 1176 2548 „merces“,
1191 2473 1266 2546 quod

174 2578 281 2632 rectum
302 2577 353 2632 ost.
394 2571 579 2631 concinnavit
603 2571 694 2645 igitur
714 2587 793 2631 suam
813 2571 867 2630 sibi
886 2570 1036 2630 lectionem
1056 2569 1266 2630 Wernsdorflus

173 2687 209 2730 ex
228 2668 384 2744 Gyraldino
414 2672 444 2727 et
474 2669 575 2728 ceteris
593 2667 682 2728 libris.
722 2666 765 2727 Ac
785 2671 848 2726 tota
876 2672 979 2741 potitae
998 2684 1076 2727 mens
1095 2683 1188 2727 nonne
1208 2669 1265 2741 epi·

173 2769 273 2826 theton
296 2766 437 2840 „optima“
459 2781 546 2824 unum
558 2765 679 2837 requirit
697 2763 848 2824 hocloco?
888 2765 932 2824 De
952 2765 1110 2837 quantitate
1129 2765 1266 2827 mercedis

170 2880 227 2923 non
246 2864 352 2937 agitur,
385 2863 435 2922 sed
454 2863 490 2922 de
509 2862 655 2934 qualitate.
688 2896 726 2906 -
757 2861 838 2936 Quod
862 2879 930 2922 vero
949 2861 1096 2923 Baehrens
1125 2863 1216 2922 voluit
1235 2861 1265 2921 in

169 2977 196 3021 u.
218 2962 276 3019 274
299 2958 488 3033 „implendum
502 2976 532 3018 se
545 2959 674 3034 cuique“,
694 2976 810 3020 menon
822 2959 909 3020 habet
922 2960 1129 3020 assentientem
1164 2960 1264 3032 Neque

171 3056 244 3114 euim
264 3056 380 3130 probam
401 3073 513 3116 causam
537 3056 633 3125 video,
665 3071 737 3129 quae
757 3073 809 3116 nos
829 3063 914 3132 cogat
934 3058 970 3116 ab
992 3057 1115 3116 omnium
1135 3058 1263 3117 codicum

171 3170 305 3213 consensu
323 3154 457 3213 recedere
477 3154 629 3222 hocloco,
662 3171 725 3212 cum
745 3159 775 3213 et
804 3154 868 3227 ipsa
887 3155 1027 3215 senwntia
1046 3170 1162 3229 prorsus
1182 3155 1263 3216 nobis

169 3249 325 3310 satisfaciat
344 3256 374 3310 et
392 3251 483 3310 latina
501 3250 589 3310 verba
607 3251 754 3310 latinitati.

245 3348 370 3407 Transeo
391 3347 428 3407 ad
451 3365 478 3406 v.
500 3348 557 3406 213
578 3363 639 3420 sqq.
659 3348 689 3406 iu
710 3347 866 3420 Gyraldino
886 3348 929 3408 sic
949 3349 1102 3409 exhibitos:

272 3463 406 3536 „spiritus
425 3460 530 3522 inflatis
561 3478 662 3521 nomen
681 3463 879 3536 languentibus
909 3479 960 3522 aer

269 3574 334 3618 nam
353 3574 442 3634 prope
460 3559 646 3632 nequicquam
665 3576 732 3634 pars
751 3564 795 3619 est
813 3560 952 3619 violentia
968 3557 1124 3620 flammae.“

168 3675 293 3733 Primum
312 3677 407 3734 textus
435 3675 598 3749 purgandus
619 3680 669 3736 est.
709 3676 822 3748 Quanto
843 3680 937 3736 autem
957 3693 1042 3750 opere
1061 3677 1139 3736 iuvet
1158 3692 1209 3737 nos
1229 3677 1259 3734 iu

171 3770 343 3831 emendando
363 3771 465 3830 notitia
485 3771 641 3846 Gyraldini,
671 3788 755 3843 quam
775 3773 847 3832 mire
866 3774 1000 3847 palmaris
1030 3774 1188 3833 emendatio
1212 3774 1259 3833 vel

167 3868 370 3942 corruptissimi
393 3869 451 3928 loci
469 3870 591 3943 pendeat
613 3869 756 3927 interdum
780 3887 816 3929 ex
840 3871 922 3930 unius
945 3871 1089 3931 litterulae
1113 3888 1131 3931 a
1152 3872 1258 3931 criticis

169 3967 261 4026 adhuc
280 3965 426 4040 neglectas
446 3965 523 4026 felici
536 3967 725 4040 usurpatione,
746 3968 800 4026 hoo
820 3968 886 4027 dato
908 3970 1035 4042 exemplo
1052 3969 1083 4027 iu
1102 3967 1193 4027 animo
1213 3972 1258 4027 est

168 4079 335 4139 proponere.
374 4063 431 4121 Pro
444 4063 541 4136 inepto
555 4064 690 4122 vocabulo
714 4070 847 4133 „nomen“
869 4065 942 4123 nihil
961 4064 1039 4124 aliud
1051 4064 1255 4124 restituendum

164 4165 207 4219 est
226 4161 282 4220 nisi
309 4165 462 4230 „momen“‚
494 4174 566 4232 quae
596 4164 759 4219 correctum
790 4164 934 4220 auctorem
963 4160 1050 4220 habet
1073 4161 1253 4236 scaligerum.

166 4255 222 4316 Sed
242 4258 298 4316 iam
320 4257 457 4318 exhausta
479 4256 536 4317 init
554 4259 682 4319 veterum
701 4257 862 4317 arideorum
883 4275 943 4318 ars:
974 4258 1137 4399 tamfienim
1165 4258 1253 4318 mani·
