3108 5202
490 787 523 847 G.
1023 785 1145 845 scriba

369 885 427 944 269
469 884 553 943 ulmis
1026 882 1119 941 ulmus

371 979 429 1041 277
469 983 589 1040 multum
909 1029 913 1040 .
1027 980 1132 1038 multos

372 1079 428 1138 169
468 1080 573 1153 premit
1027 1082 1161 1150 premunt

371 1176 429 1235 206
469 1181 563 1236 vertet
1028 1179 1144 1234 vertent

371 1273 429 1332 223
469 1273 607 1358 laboratis
1030 1271 1186 1332 laborantis

372 1371 429 1430 286
470 1387 587 1444 surgens
656 1449 660 1457 Ι
1031 1370 1123 1443 surgit

351 1483 435 1544 Licet
448 1486 536 1559 igitur
549 1486 662 1546 collatis
675 1485 854 1546 conferendis
872 1501 953 1546 casus
966 1494 1079 1544 mutare
1099 1485 1253 1556 nominum,
1275 1481 1382 1542 formas

272 1581 431 1643 verborum.

353 1679 411 1738 Sed
431 1680 499 1752 quid
519 1679 621 1753 plura?
662 1681 750 1740 Falsa
775 1681 822 1740 via
840 1681 1010 1755 ingreditur,
1044 1680 1092 1752 qui
1112 1680 1142 1737 in
1162 1681 1256 1737 Aetna
1283 1693 1382 1737 emen-

274 1775 368 1835 danda
381 1777 470 1835 nimia
484 1777 629 1837 anxietate
647 1783 729 1836 eurat
740 1794 802 1836 rem
814 1777 1096 1852 palaeographieam:
1119 1776 1258 1850 perhanc
1271 1774 1382 1848 poteris

274 1877 323 1930 tuo
344 1873 407 1933 iure
428 1891 654 1947 unamquemque
674 1875 832 1935 litterulam
848 1874 1023 1934 substituere
1043 1890 1095 1947 pro
1116 1889 1297 1946 unaquaque:
1319 1887 1383 1930 sen-

275 1969 367 2028 tentia
397 1987 461 2030 eum
486 1973 623 2032 sermonis
653 1973 857 2032 consuetudine
891 1978 920 2031 et
943 1971 988 2030 rei
1017 1971 1156 2030 metricae
1186 1986 1287 2028 norma
1311 1968 1385 2027 bene

277 2067 453 2141 consociata,
475 2069 501 2127 si
522 2071 551 2127 in
570 2070 657 2128 ullius
676 2071 810 2130 carminis
828 2070 942 2138 Latini,
968 2070 998 2128 in
1020 2070 1131 2133 Aetnae
1153 2065 1385 2141 depravatissimi

276 2165 413 2238 poematii
434 2166 629 2226 emendatione
642 2185 699 2226 una
719 2167 888 2240 dominator,
909 2183 967 2226 uua
986 2183 1038 2226 nes
1061 2167 1168 2237 ducite,
1189 2181 1246 2223 nou
1259 2165 1384 2222 litterae.

279 2261 350 2322 (urm
370 2265 529 2324 sententiae
548 2265 671 2325 sanitate
691 2272 740 2325 aut
760 2263 928 2325 infirmitate
947 2265 1039 2324 omnis
1059 2263 1120 2322 fere
1141 2262 1345 2322 emendationis

640 2385 762 2455 ‘statque
782 2381 914 2480 caditque
933 2379 1021 2441 lides'.

734 2619 936 2629 ..-.--——

736 2871 871 2940 CAPUT
893 2871 931 2938 11.

331 3035 386 3112 De
411 3030 563 3116 Aetnae
588 3035 725 3137 poetae
753 3054 837 3116 eum
863 3030 1005 3116 Senem
1032 3030 1330 3135 conspiratione.

361 3216 407 3277 De
435 3223 599 3292 tempore,
625 3235 681 3293 quo
711 3221 900 3294 couscriptum
925 3221 964 3278 sit
988 3220 1098 3279 Aetnae
1121 3222 1239 3291 poema,
1266 3215 1392 3274 noudum

283 3315 462 3375 eenseutiunt
481 3317 536 3375 viri
555 3317 644 3378 doeti.
685 3319 761 3378 Eece
785 3318 994 3377 reernussimus
1014 3318 1130 3376 Aetnae
1154 3315 1250 3374 editor
1276 3313 1391 3374 saeculo

283 3413 428 3486 Augustae
448 3414 504 3473 sibi
523 3417 665 3488 persuasit
684 3416 868 3476 asserendum
889 3431 950 3475 esse
970 3430 1066 3488 neque
1081 3430 1150 3474 vero
1164 3413 1276 3473 exstitit
1288 3411 1391 3480 adhue,

283 3511 332 3583 qui
352 3510 521 3570 Baehrentis
541 3513 702 3586 opinionem
721 3513 874 3586 infringere
902 3518 1057 3572 eonaretur
1084 3513 1225 3585 planeque
1250 3507 1393 3568 refellere.

284 3607 382 3680 Atque
401 3608 432 3666 in
451 3609 507 3668 hoe
527 3610 640 3682 quidem
660 3626 732 3668 uuus
752 3615 798 3668 est
816 3610 941 3668 omnium
959 3610 1044 3668 hodie
1069 3625 1221 3668 cousensus
1240 3607 1395 3665 terminum
1482 3637 1485 3642 ·

284 3709 350 3764 aute
369 3722 454 3779 quem
473 3707 611 3780 seriptum
630 3706 669 3766 sit
689 3712 799 3780 poema,
820 3722 924 3766 annum
944 3723 1007 3766 esse
1028 3708 1045 3764 7
1050 3709 1068 3766 9
1090 3722 1118 3778 p.
1134 3704 1203 3764 Chr.
1225 3720 1262 3775 n.‚
1283 3707 1317 3762 ut
1337 3718 1393 3774 quo

219 3847 224 3870 t
284 3808 413 3876 tempore
433 3803 617 3863 celeberrime
634 3804 688 3863 illa
699 3804 817 3864 Vesuvii
831 3804 944 3876 eruptio
961 3801 1100 3862 acciderit
1113 3802 1145 3860 in
1157 3801 1284 3859 earmina
1295 3803 1394 3858 nostro

223 3876 230 3983 ξ
285 3917 341 3959 non
361 3907 588 3974 commemorata,
607 3918 673 3960 eum
693 3908 789 3961 umen
809 3901 944 3974 exemplis
965 3917 1027 3959 rem
1047 3915 1186 3959 exornare
1200 3912 1285 3970 quam
1299 3894 1395 3955 effica-

286 3998 407 4058 cissimis
426 3999 508 4070 uniee
529 3999 558 4056 in
578 3999 689 4059 deliciis
708 3999 815 4058 habeat
833 4003 934 4058 auctor
947 3997 1100 4071 poematii,
1122 3995 1199 4068 quod
1212 3993 1396 4054 confirmatur

285 4102 396 4154 rutrum
416 4095 611 4156 Catinensium
630 4096 727 4156 tabule
746 4097 861 4156 uberius
881 4096 1019 4169 exposita
1031 4111 1088 4154 nee
1109 4111 1166 4152 neu
1180 4092 1244 4152 aliis
1259 4090 1397 4150 erationis

285 4191 451 4253 fluminibus
471 4194 590 4252 ornandi
608 4209 696 4254 eausa
713 4195 761 4253 hie
784 4194 846 4252 illie
866 4193 981 4255 additis.
1021 4191 1139 4254 Omnino
1158 4195 1263 4261 autem,
1287 4189 1313 4248 si
1333 4191 1399 4262 post

287 4307 391 4351 annum
406 4294 444 4352 79
459 4295 553 4350 ortum
566 4297 642 4352 esset
658 4297 767 4365 poema,
789 4291 913 4364 Vesuvii,
932 4307 991 4354 ,uon
1006 4290 1115 4349 Aetnae
1129 4288 1246 4347 titulum
1259 4286 1290 4344 iu
1305 4284 1398 4344 nanta
