3108 5202
605 574 822 639 -49..

159 783 284 844 Senecae
310 785 455 844 volumina
474 785 510 843 ab
531 785 643 844 Aetnae
664 788 780 845 auctore
800 802 938 858 perquam
957 785 1116 860 probabile.
1138 819 1175 830 -
1197 787 1268 846 Inde

158 898 177 942 a
196 897 224 942 1.
246 883 304 942 569
324 882 446 940 miratur
465 886 553 955 pocta
571 899 690 955 pravum
709 900 817 942 morem
837 900 943 956 eorum,
966 883 1013 955 qui
1026 882 1268 956 periculosissima
1317 877 1320 883 ’

157 996 210 1052 per
241 981 332 1040 maria
360 981 465 1039 itinera
494 996 552 1038 non
576 981 810 1053 perhorrescant,
842 982 866 1039 si
887 981 956 1052 qnid
975 981 1160 1041 memorabile
1180 981 1266 1040 detur

157 1082 297 1151 spectare,
319 1094 383 1136 cum
396 1079 508 1136 Aetnae
528 1079 634 1137 montis
647 1095 785 1138 summum
798 1095 856 1138 non
870 1084 971 1138 curent
984 1078 1076 1137 visere
1089 1079 1264 1138 miraculum.

157 1173 216 1233 Per
240 1191 271 1234 se
296 1181 393 1234 autem
412 1175 464 1234 illa
483 1175 599 1247 itinera,
632 1191 704 1247 qnae
724 1177 860 1236 noscendi
880 1181 910 1235 et
929 1176 1056 1234 discendi
1077 1192 1165 1235 causa
1184 1173 1267 1248 fiunt,

157 1289 213 1331 uon
234 1273 381 1348 vituperat
400 1276 511 1334 Aetnae
532 1279 631 1333 auctor
651 1291 742 1347 neque
761 1291 830 1334 vero
841 1276 958 1348 Seneca,
979 1293 1005 1333 1.
1017 1277 1054 1336 N.
1066 1276 1098 1348 Q.
1114 1273 1148 1345 V,
1162 1277 1206 1348 18,
1221 1277 1266 1332 14.

155 1370 212 1430 Sed
243 1376 363 1444 uterque
394 1371 481 1429 maris
511 1371 639 1444 pericula
672 1370 839 1430 reformidat
863 1373 991 1430 nonnihil
1020 1373 1067 1432 vel
1091 1372 1187 1445 potius
1200 1387 1265 1430 cou-

156 1469 260 1526 temnit
288 1473 322 1526 ut
352 1468 466 1526 inutilia
497 1468 556 1527 sine
583 1485 684 1542 magua
708 1471 879 1528 necessitate
899 1486 956 1527 non
976 1469 1121 1528 subeunda
1140 1467 1262 1527 homini:

155 1565 234 1640 lege,
266 1581 340 1638 quae
366 1565 401 1624 de
421 1565 512 1639 ipsius
533 1566 620 1625 maris
640 1566 776 1639 periculis
795 1567 882 1625 habet
902 1567 1023 1635 Seneca,
1055 1567 1104 1625 ubi
1124 1566 1160 1625 de
1180 1565 1264 1625 bellis

153 1662 282 1734 loquitur
301 1662 508 1731 transmarinis,
530 1678 601 1735 quae
621 1662 705 1721 ualde
725 1668 899 1736 appetantur
918 1663 954 1722 ab
974 1663 1079 1737 ineptis
1099 1663 1261 1722 homiuibus

116 1751 120 1760 '
154 1763 274 1832 praeter
306 1759 394 1818 maris
425 1760 553 1832 pericula
582 1759 699 1832 insuper
729 1764 759 1818 et
789 1761 856 1820 belli
887 1761 1089 1833 quaerentibus
1115 1762 1151 1820 N.
1174 1760 1265 1832 111,

157 1858 203 1929 18,
227 1857 347 1915 61171
379 1856 449 1915 illuc
474 1861 570 1915 antem
595 1860 708 1929 spectat
729 1858 839 1916 Aetnae
860 1876 886 1920 v.
909 1859 965 1916 571
990 1891 1026 1901 -
1047 1857 1084 1918 ci.
1106 1863 1182 1918 111.
1205 1859 1264 1917 600

155 1985 193 1995 -
216 1953 258 2013 sic
277 1954 509 2027 perscribendus:

235 2051 393 2122 „Traiecti
426 2051 518 2109 maria
555 2055 585 2109 et
621 2056 716 2110 terras
745 2068 798 2125 per
826 2052 957 2125 proxima
986 2052 1056 2112 fatis
1087 2052 1265 2111 (lurrimus“.

153 2147 265 2206 Iniuria
285 2147 405 2207 offendit
417 2148 563 2208 Baehrens
583 2149 613 2206 iu
632 2150 686 2208 hac
700 2153 796 2208 textus
807 2150 1020 2208 constitutione:
1042 2166 1116 2223 „per
1129 2151 1262 2223 proxima

153 2245 225 2303 iatis
251 2247 410 2305 cunimus“
441 2246 517 2304 idem
547 2245 607 2304 fere
637 2251 693 2314 est,
726 2246 801 2319 quod
821 2262 928 2318 „aegre
948 2251 1069 2305 mortem
1095 2247 1264 2306 eludimus“·

154 2342 216 2401 Gur
225 2349 320 2402 autem
337 2343 419 2416 iungi
434 2359 489 2401 nou
503 2343 595 2416 possit
609 2344 753 2415 „traducti
773 2343 864 2402 maria
879 2348 909 2401 et
921 2345 1044 2416 terres“,'
1059 2343 1168 2402 hoeme
1181 2345 1266 2417 plane

152 2440 237 2513 fugit.
267 2439 436 2499 Probandus
448 2441 537 2514 igitur
550 2440 676 2514 vulgaris
690 2445 794 2513 textus,
809 2441 858 2512 qui
872 2445 916 2498 est
929 2445 959 2498 et
972 2440 1100 2513 Hauptii,
1120 2441 1176 2498 nisi
1189 2440 1265 2512 quod

152 2538 202 2596 hic
224 2537 400 2610 ‘quaerimus'
420 2537 632 2609 1111111572,
655 2554 738 2609 quam
752 2539 937 2596 mutationem
949 2554 1006 2596 non
1027 2538 1143 2611 accipio.
1175 2537 1264 2597 Vides

152 2636 241 2709 igitur
270 2641 401 2696 neutrum
431 2643 577 2696 auctorem
608 2654 711 2710 magno
732 2653 822 2718 opere¹
839 2636 979 2696 delectari
999 2637 1090 2710 longis
1110 2636 1263 2695 itineribus

152 2734 281 2807 pericula
310 2735 526 2808 praebentibus,
561 2736 636 2807 quod
661 2751 838 2808 nequaquam
858 2735 888 2793 in
907 2751 1004 2794 omnes
1023 2735 1153 2793 homines
1173 2732 1260 2805 cadit,

151 2832 239 2890 immo
270 2836 336 2891 suut
359 2832 437 2891 haud
456 2834 553 2906 pauci,
580 2834 681 2904 quibus
701 2832 744 2891 nil
763 2833 801 2891 sit
821 2833 965 2914 acceptius
987 2831 1199 2906 exoptatiusve:
1231 2831 1262 2888 hi

152 2931 211 3004 ipsi
229 2931 438 3003 vituperantur.
470 2932 622 2989 Translate
642 2931 717 2988 euim
737 2931 933 3003 accipiendum
947 2934 998 3001 est,
1021 2930 1096 3001 quod
1110 2926 1262 3002 profitetur

153 3025 266 3088 Seneca
286 3028 323 3088 N.
345 3028 376 3100 Q.
399 3028 444 3086 111
464 3027 554 3102 praei.
577 3032 609 3088 1:
635 3027 792 3100 ‚Mundum
813 3028 935 3086 circuire
956 3027 1091 3086 constitui
1111 3031 1141 3084 et
1161 3043 1261 3085 causas

156 3129 322 3197 secretaque
353 3126 414 3184 eius
444 3141 546 3184 eruere
577 3123 1263 3201 (311111573)“.-Τ1111111111111111-

151 3222 280 3281 nantium
300 3223 467 3296 inexplebili
487 3223 609 3295 quadam
629 3221 761 3295 cupidine
781 3223 869 3280 etiam
888 3227 974 3294 atque
995 3222 1082 3280 etiam
1095 3236 1170 3278 nova
1181 3237 1262 3295 spec·

150 3325 216 3378 tare
246 3321 402 3393 1111111111,
435 3320 528 3392 qualis
559 3320 745 3378 adumbratur
773 3319 801 3376 in
823 3320 918 3376 Aetna
942 3319 1086 3391 poematio
1114 3333 1178 3374 cum
1198 3322 1260 3376 toto

150 3417 291 3475 orationis
316 3418 486 3475 coloratum
510 3417 612 3474 vocula
632 3417 745 3488 „nuuc“
766 3415 892 3488 septiens
905 3415 1046 3489 repetita·
1062 3415 1194 3472 similiter
1208 3414 1260 3472 de-

153 3514 290 3574 scribitur
315 3531 334 3572 a
353 3514 461 3572 Seneca
486 3514 521 3572 de
541 3513 687 3585 tranquill.
710 3528 754 3570 an.
778 3514 805 3585 2,
830 3514 864 3571 13
886 3529 947 3584 sqq.
979 3514 1089 3585 Quanto
1109 3512 1199 3571 satius
1218 3523 1264 3570 est

150 3610 313 3670 Aetnaeum
348 3627 419 3685 opus
449 3616 543 3670 mente
574 3628 608 3670 ec
637 3610 748 3669 ratione
769 3609 1068 3687 comprehenderem.
1092 3610 1146 3668 601
1171 3611 1257 3682 sqq.):

149 3709 233 3767 vides
253 3709 370 3781 iterum,
402 3725 487 3781 quam
507 3714 585 3768 totus
605 3709 739 3779 loquatur
758 3709 878 3781 Seneca,
906 3707 1078 3766 naturalium
1098 3723 1193 3765 rerum
1215 3707 1258 3764 in·

149 3807 308 3879 vestigator
325 3806 506 3865 clarissimus.
536 3806 636 3877 Neque
655 3806 728 3864 enim
742 3805 988 3878 peregrinationes
1001 3810 1120 3878 possunt
1134 3803 1258 3861 animum

149 3905 335 3975 tranquillum
356 3904 476 3963 reddere
496 3909 526 3961 et
545 3919 613 3961 vere
633 3904 747 3960 beatum
768 3902 818 3978 (ci.
839 3902 877 3960 ad
898 3901 979 3960 Helu.
996 3902 1031 3959 de
1051 3917 1126 3959 cons.
1148 3901 1192 3971 17,
1216 3900 1257 3976 2),

149 4002 202 4061 sed
234 4001 295 4060 sola
324 4001 457 4059 liberalia
487 4000 583 4059 studia
603 3998 664 4075 (17,
687 3999 732 4074 3),
764 3998 815 4056 sed
835 4000 896 4057 sola
916 3997 1118 4070 contemplatio
1139 4001 1260 4055 naturae

149 4099 200 4176 (N.
222 4099 255 4170 Q.
276 4099 326 4171 VI,
351 4100 396 4170 32,
421 4099 458 4173 1).
500 4096 548 4156 Ac
568 4114 602 4156 ne
624 4089 840 4155 oblivisceretur
860 4099 961 4153 auctor
982 4095 1118 4167 po'e'matii
1138 4095 1258 4154 carmini

128 4213 202 4294 ⁸suo
228 4197 355 4255 fabulam
380 4197 472 4269 illam,
504 4211 578 4267 quae
599 4199 642 4254 est
663 4193 698 4252 de
718 4193 839 4252 fratrum
860 4192 1055 4252 Catinensium
1064 4197 1177 4332 4saucta
1197 4190 1259 4264 pie-
