3108 5202
599 615 812 679 ...63-

153 831 187 884 nt
209 827 286 884 nullo
307 827 423 899 negotio
446 825 610 885 referantur
630 827 666 884 ad
686 827 825 900 studium,
857 829 934 900 quod
965 845 1062 888 omnes
1091 830 1176 902 primi
1200 834 1264 902 post

154 925 222 983 (thr.
243 940 270 980 n.
293 923 400 981 saeculi
419 928 522 996 politae
541 923 603 981 uati
622 923 780 981 Mantuano
802 929 947 996 tamquam
967 926 1088 998 principi
1112 929 1261 998 potiturum

152 1020 352 1094 augustissimo
374 1021 503 1079 solebant
515 1020 688 1092 impendere.
728 1020 830 1092 ltaque
851 1038 906 1079 non
928 1021 1032 1080 attinet
1052 1023 1164 1096 singula
1184 1023 1263 1083 illius

155 1119 403 1177 commentationis
424 1118 530 1176 diserte
550 1117 597 1176 hic
616 1117 757 1186 refellere,
778 1117 836 1176 nisi
855 1118 933 1190 qood
951 1117 1080 1176 breviter
1093 1120 1265 1192 respondere

153 1216 251 1289 placet
270 1213 320 1272 uni
340 1215 415 1287 quod
434 1219 526 1273 restat
546 1218 729 1288 argumento,
763 1215 790 1274 ei
811 1216 936 1289 scilicet,
958 1216 1035 1288 qnod
1054 1233 1081 1289 p.
1106 1218 1142 1275 16
1162 1233 1266 1290 propo·

152 1313 212 1372 suit
232 1317 342 1384 auctor,
374 1317 408 1371 ut
438 1313 643 1371 demonstraret
672 1328 730 1371 non
749 1313 878 1385 potuisse
898 1318 963 1387 post
986 1315 1109 1386 Augusti
1129 1319 1261 1387 tempora

153 1410 292 1482 scriptum
313 1427 374 1468 esse
395 1425 497 1482 poema
516 1413 652 1468 nostrum.
694 1409 918 1470 Commemorari
943 1412 1018 1469 enim
1042 1426 1072 1470 v.
1098 1412 1156 1470 595
1178 1411 1264 1471 Ooarn

153 1507 268 1579 Apellis
294 1506 443 1579 Venerem,
465 1506 539 1565 hanc
559 1513 657 1566 autem
676 1509 802 1565 tabulam
823 1509 944 1568 testibus
964 1507 1106 1568 Strabone
1127 1514 1156 1567 et
1169 1509 1264 1568 Plinio

156 1605 233 1675 „iam
254 1605 290 1664 ab
311 1605 442 1677 Augusto
462 1622 482 1662 a
501 1604 567 1664 (lois
597 1610 723 1678 emptam
754 1614 783 1663 et
803 1605 912 1664 Romae
942 1607 973 1663 in
1004 1607 1112 1678 templo
1135 1607 1266 1667 Caesaris
1329 1627 1332 1653 ⁴·

155 1704 334 1776 propositam
356 1708 446 1760 esse.“
489 1702 557 1760 Jam
570 1704 665 1776 pergit
680 1704 908 1762 Kruczkiewicz:
937 1703 1034 1778 „Quae
1055 1721 1118 1762 cum
1138 1705 1180 1763 ita
1200 1706 1267 1776 sint,
1331 1773 1333 1781 y

155 1805 259 1860 auctor
279 1800 405 1873 Aetnae,
432 1800 541 1872 sipost
561 1799 683 1873 Augusti
703 1803 834 1874 tempora
860 1797 974 1859 carmen
994 1815 1076 1860 suum
1096 1802 1265 1875 scripsisset,

155 1899 206 1955 rix
226 1898 321 1970 potuit
335 1897 413 1956 Coae
431 1895 555 1956 Veneris
575 1898 701 1956 tabulam
720 1898 750 1954 in
772 1913 868 1956 eorum
888 1915 1037 1957 nnmerum
1057 1897 1174 1972 referre,
1195 1915 1267 1972 quae

155 1995 260 2052 visuris
277 1995 414 2052 Romanis
434 1996 519 2067 longa
539 1995 644 2053 itinera
665 2011 754 2066 eaque
773 1996 967 2054 transmarina
987 1993 1162 2056 conficienda
1182 2001 1268 2055 erant

156 2090 241 2168 (conf.
265 2107 310 2150 vv.
333 2092 391 2152 569
412 2109 481 2166 sqq,
505 2093 604 2168 600).“
641 2091 698 2152 Ubi
718 2093 833 2152 tandem
848 2094 884 2151 de
896 2093 1007 2154 Romae
1025 2093 1126 2153 incolis
1139 2095 1267 2166 loquitur

154 2188 261 2263 potta?
291 2189 497 2248 Dicuntur
522 2191 695 2259 ,currimus“
718 2194 748 2249 et
767 2207 793 2250 v.
816 2191 874 2251 600
898 2193 1027 2264 ,putas“,
1050 2192 1100 2250 sed
1121 2193 1164 2251 ita
1184 2193 1263 2266 dicit,

155 2292 191 2344 ut
211 2303 307 2345 omnes
327 2287 455 2346 homines
475 2287 662 2360 intellegendi
687 2288 756 2360 sint,
788 2289 837 2360 qui
867 2290 967 2348 malint
997 2290 1082 2362 longa
1100 2305 1153 2362 per
1173 2289 1265 2348 maria

157 2383 265 2442 itinera
285 2383 388 2457 facere,
410 2401 494 2456 quam
508 2385 620 2443 Aetnae
632 2385 738 2443 intueri
752 2400 890 2444 summum
911 2385 1088 2444 miraculum.
1124 2387 1165 2446 Ut
1178 2387 1268 2459 igitur

158 2497 183 2539 e.
205 2498 250 2554 gr.
270 2482 396 2540 Romani
416 2481 545 2540 Athenas
565 2483 808 2555 transmigrabant
827 2483 937 2542 risendi
958 2499 1057 2550 causa,
1085 2485 1126 2543 sic
1145 2484 1267 2543 invicem

159 2579 263 2637 Graeci
283 2585 313 2636 et
332 2579 421 2638 ceteri
441 2580 541 2654 populi
559 2579 680 2652 putandi
705 2585 772 2638 sunt
795 2580 899 2640 adiisse
918 2580 1054 2652 Romam,
1085 2587 1118 2638 nt
1145 2581 1268 2640 delecta

157 2680 240 2734 retur
260 2677 406 2734 oculorum
426 2693 526 2736 sensus
546 2678 652 2736 tabulis
671 2679 925 2750 marmoribnsque.
967 2679 1007 2736 Et
1028 2680 1141 2737 omnino
1156 2680 1267 2738 Aetnae

161 2777 309 2832 auctorem
327 2775 439 2834 Romae
464 2776 613 2848 scripsisse
637 2775 687 2833 nbi
713 2776 827 2834 tandem
852 2775 975 2849 legitur?
1016 2777 1048 2836 Si
1067 2792 1135 2835 vero
1155 2776 1185 2834 in
1205 2777 1269 2850 ipsa

158 2869 259 2929 Sicilia
284 2871 398 2945 scripsit
429 2878 458 2931 et
481 2873 598 2932 volebat
623 2871 713 2932 Oo'am
737 2874 847 2946 Apellis
867 2875 1007 2932 Venerem
1038 2875 1149 2947 ridere,
1181 2873 1268 2933 confi-

162 2968 293 3026 ciendum
314 2985 381 3028 sane
402 2976 466 3028 erat
485 2971 541 3029 iter
561 2970 674 3044 longius
695 2977 725 3029 et
737 2971 965 3030 transmarinum.
1008 2969 1161 3030 Praeterea
1184 2972 1213 3029 in
1235 2988 1268 3030 eo

160 3065 294 3138 displicet
313 3066 539 3135 Kruezkiewicz‚
560 3067 650 3140 quod,
672 3071 704 3125 ut
723 3066 886 3140 Vergilium
906 3068 1020 3126 evincat
1037 3066 1152 3126 Aetnae
1172 3069 1268 3128 aucto-

159 3179 230 3234 rem,
252 3163 295 3240 (p.
316 3164 334 3222 6
355 3166 430 3241 sqq.)
454 3165 571 3222 nimiam
590 3163 676 3224 fidem
695 3166 783 3224 babet
803 3153 974 3224 testimoniis
993 3166 1102 3224 Donati
1126 3170 1155 3224 et
1175 3166 1268 3224 Servii

161 3265 247 3332 atque
280 3261 511 3333 inscriptionibus
547 3261 792 3335 cantabrigiensis
826 3263 903 3321 libri
922 3261 1162 3335 Stabnlensisque,
1199 3280 1269 3336 qnos

160 3357 272 3416 oodioes
302 3375 455 3431 perperam
489 3359 645 3430 ,optimum
679 3359 751 3418 dicit
782 3359 822 3434 (p.
856 3360 895 3432 7).
937 3360 1023 3431 Quasi
1054 3377 1111 3418 non
1144 3361 1269 3420 eiusdem

159 3455 267 3514 Donati
289 3455 438 3526 Serviique
457 3455 621 3514 testimonia
641 3454 723 3514 (lirin
743 3471 854 3528 quoqne
874 3456 1008 3514 dederint
1028 3457 1169 3530 Vergilio!
1209 3458 1270 3516 Ista

161 3553 250 3626 igitur
280 3553 358 3610 ratio
388 3569 424 3611 ex
443 3553 567 3624 antiquis
586 3552 759 3611 testimoniis
780 3553 948 3625 deprompta
971 3553 996 3611 si
1015 3553 1046 3610 in
1066 3554 1124 3612 ullo
1145 3555 1269 3616 carmine

162 3650 278 3721 Latino,
299 3650 329 3708 in
348 3648 453 3722 Aetna,
477 3656 510 3708 nt
530 3666 603 3721 qnae
623 3651 662 3708 sit
680 3650 848 3723 appendicis
867 3667 952 3722 quam
971 3655 1075 3708 vocant
1087 3652 1269 3724 Vergilianae

162 3763 246 3820 pars,
267 3763 319 3819 per
340 3764 370 3806 se
390 3763 491 3819 parum
511 3749 596 3806 valet.
637 3747 768 3819 Accedit,
790 3748 865 3819 quod
885 3748 942 3804 iam
962 3747 1093 3806 Donatus
1112 3750 1132 3808 i.
1153 3765 1178 3808 e.
1200 3747 1269 3807 Sue-

165 3845 261 3903 tonius
282 3845 383 3904 dubins
404 3845 530 3904 haesisse
554 3845 682 3913 videtur,
714 3845 788 3903 sitne
808 3846 903 3903 Aetna
922 3844 1044 3918 Vergilii
1066 3862 1167 3904 necne:
1200 3846 1270 3906 dicit

163 3942 251 3999 enim:
286 3943 420 4016 ,scripsit
444 3943 532 4000 etiam
559 3943 603 4000 ‘de
624 3959 680 4014 qua
700 3942 863 4014 ambigitur’
889 3944 1039 4000 Aetnam“.
1079 3941 1154 4001 (lum
1173 3949 1269 4002 tamen

164 4041 319 4099 Bernensis
332 4040 406 4099 fiber
426 4040 543 4098 habeat:
569 4040 702 4112 ,scripsit
715 4038 945 4112 etiam'Aetnam,
968 4040 1003 4098 de
1016 4056 1073 4112 qua
1086 4041 1267 4113 ambigitur“,

163 4143 258 4211 potest
273 4155 341 4197 sane
355 4138 464 4196 moveri
477 4138 602 4210 suspicio
616 4137 688 4194 illud
702 4137 925 4196 additamentum
948 4139 1000 4207 ,de
1020 4154 1077 4210 qna
1097 4139 1266 4211 ambigitnr“

162 4234 312 4294 fortasse
333 4251 389 4292 non
408 4236 464 4308 ipsi
485 4235 599 4294 Donato
619 4235 801 4293 tribuendum
821 4251 890 4306 esse,
912 4235 961 4293 sed
974 4236 1159 4308 grammatico
1173 4237 1268 4295 nescio

163 4333 209 4392 cui
229 4333 396 4407 posterioris
416 4334 486 4392 aevi.
528 4334 702 4405 Quamquam
723 4349 758 4390 ne
778 4333 833 4390 hoc
853 4332 966 4404 quidem
987 4339 1095 4392 certum
1116 4340 1168 4392 est.
