3108 5202
593 595 810 660 ..25-

152 806 287 866 absonum
312 807 367 865 hoc
392 807 467 874 loco,
499 821 585 878 quam
605 806 767 865 ardentium
788 806 980 865 ‘dominorum'
1001 804 1248 864 commemoratio?

149 902 219 974 Quis
249 903 363 962 tandem
393 904 434 962 sic
453 901 598 976 loquitur?
628 899 760 964 Hemtim
780 905 878 963 elicuit
899 903 1081 976 ‚,domibus“,
1114 909 1249 975 quaeest

152 1001 288 1076 proclivis
308 1017 359 1074 per
373 1018 403 1060 se
417 1000 585 1073 emendatio,
607 995 656 1060 sed
669 1002 815 1060 reicienda
827 1001 1017 1073 nihilominus,
1037 1000 1105 1072 quia
1118 999 1250 1058 domuum

149 1099 206 1156 hoc
224 1097 287 1157 loco
307 1098 430 1156 nondum
451 1097 620 1157 mentionem
640 1097 703 1156 fieri
721 1099 798 1172 dcet,
820 1097 870 1158 sed
889 1097 1003 1156 demum
1021 1097 1087 1155 inde
1108 1111 1165 1156 av.
1181 1096 1248 1156 614.

149 1195 253 1254 Restat
272 1195 329 1252 iam
348 1193 473 1268 Hauptii
493 1194 657 1253 coniectura
678 1195 822 1267 „pomis“;
843 1194 893 1253 sed
913 1210 949 1252 nc
968 1194 1042 1253 hanc
1061 1193 1175 1266 quidem
1187 1208 1248 1250 am-

150 1292 269 1364 plector,
290 1292 358 1363 quia
378 1292 604 1350 emendationem
624 1307 687 1350 eam
708 1307 777 1364 esse,
797 1308 870 1363 quae
889 1307 951 1350 rem
970 1307 1026 1350 non
1040 1290 1178 1361 absolvat,
1199 1289 1249 1348 sed

149 1387 295 1448 deficiente
315 1389 425 1461 aptiore
445 1389 558 1446 invento
579 1388 618 1446 sit
635 1389 721 1459 quasi·
738 1387 853 1448 interim
873 1388 1035 1461 substituta,
1057 1387 1151 1460 quivis
1164 1385 1249 1446 facile

149 1485 249 1543 sentit:
283 1485 350 1543 olim
371 1500 422 1558 ego
443 1484 479 1542 de
500 1484 662 1543 coniectura
682 1485 818 1558 cogitavi,
850 1485 939 1556 qualis
961 1490 1004 1546 est
1025 1487 1159 1559 „iugera,
1186 1501 1249 1544 cum

149 1581 240 1640 dumis
261 1598 285 1640 e.
306 1599 335 1654 q.
356 1583 398 1654 s“,
421 1597 504 1653 quam
523 1597 597 1639 nunc
616 1581 698 1640 video
718 1583 805 1641 etiam
826 1582 974 1642 Heinsium
995 1583 1162 1642 dubitanter
1181 1598 1249 1655 pro-

149 1679 290 1752 posuisse,
316 1679 365 1739 sed
389 1679 460 1738 haec
481 1679 574 1737 omnia
592 1678 677 1738 hodie
697 1679 834 1752 improbo.
876 1679 931 1738 Est
950 1681 1025 1739 enim
1048 1696 1118 1740 vera
1139 1679 1250 1738 medela

149 1777 236 1849 longe
256 1777 313 1835 alia
332 1776 381 1834 via
398 1776 573 1848 quaerenda:
594 1776 659 1835 vide
677 1777 777 1850 igitur,
798 1794 854 1849 qna
873 1775 988 1836 fortuna
1004 1777 1158 1837 emendem.
1189 1776 1249 1835 No-

147 1879 210 1930 tum
240 1879 283 1932 est
313 1874 385 1931 nihil
414 1873 476 1933 fere
505 1873 618 1946 saepius
643 1874 719 1933 inter
744 1891 774 1933 se
794 1879 999 1933 commutatum
1019 1891 1080 1934 esse
1100 1873 1248 1941 ascribis,

148 1987 234 2041 quam
254 1971 391 2030 vocabula
412 1971 529 2044 „omnis
551 1971 679 2044 hominis,
703 1972 831 2043 dominis,
851 1974 981 2046 ominis“,
1004 1971 1038 2031 ci.
1054 1989 1134 2047 egr.
1148 1989 1175 2030 v.
1191 1972 1250 2031 252

149 2073 181 2124 et
200 2083 273 2138 qnae
293 2068 391 2125 statim
411 2069 514 2127 addam
534 2069 569 2127 dc
590 2086 615 2127 v.
638 2070 706 2129 470.
736 2069 913 2143 Reperiebat
932 2077 1028 2130 autom
1042 2071 1135 2130 scriba
1147 2069 1249 2128 arche-

150 2163 215 2237 typi
234 2164 373 2223 secundae
394 2165 493 2224 classis
512 2165 543 2223 in
563 2167 719 2239 exemplari
739 2184 789 2226 suo
810 2183 923 2228 versum
943 2168 984 2227 sic
1003 2168 1204 2241 perscriptum:

308 2262 437 2336 ,iugera
470 2261 514 2322 cin
545 2263 634 2322 omnis
664 2262 753 2322 silvae
778 2280 802 2322 e.
828 2279 854 2334 q.
876 2267 918 2324 s.“
939 2265 968 2326 h.
989 2281 1013 2324 e.

308 2359 432 2432 „iugera
454 2361 584 2420 circum
604 2360 712 2418 omnis
733 2336 823 2418 silvae
844 2361 985 2432 collesque
1005 2362 1158 2421 virentea“.

228 2455 302 2514 Illud
333 2462 428 2515 autem
459 2457 655 2531 compendium
685 2454 729 2517 oin
760 2457 833 2517 falso
863 2456 1068 2531 interpretans,
1098 2474 1154 2531 quo
1180 2459 1251 2518 nihil

150 2569 182 2612 se
223 2552 359 2612 offerebat
397 2555 564 2627 proclivius,
609 2558 711 2629 „cum“
748 2556 898 2629 descripsit
934 2559 1032 2615 noster
1066 2559 1095 2615 et
1130 2556 1251 2629 aspersit

149 2649 252 2707 deinde
281 2650 484 2725 interpolator,
515 2651 636 2712 fortasse
666 2654 720 2712 hoc
750 2656 812 2713 loco
844 2652 929 2712 etiam
958 2653 1019 2726 ipse
1046 2653 1154 2722 scriba,
1185 2668 1250 2711 cor-

148 2747 289 2819 ruptelam
321 2747 480 2819 ‚,dominis“
512 2751 596 2809 metri
626 2751 757 2824 explendi
783 2768 871 2810 causa
890 2756 920 2809 et
940 2752 1006 2822 quia
1037 2749 1158 2810 credidit
1188 2765 1251 2809 eam

149 2859 247 2902 veram
286 2861 347 2904 esse
383 2846 533 2905 lectionem
568 2848 756 2921 praecedente
791 2849 841 2907 illo
872 2853 990 2923 „cum“,
1027 2847 1185 2922 „domino
1221 2853 1250 2907 et

151 2942 280 3012 ,‚omnis“
318 2959 402 3016 saepe
442 2942 575 3002 confundi
612 2945 685 3004 bene
723 2946 897 3006 recordatus.
952 2944 1013 3019 ipsi
1046 2960 1113 3004 sane
1147 2949 1249 3019 poetae

151 3038 272 3096 reddere
313 3045 441 3112 praestat
472 3041 638 3100 nominativi
669 3040 788 3100 formam
828 3045 978 3116 ,‚omnes“,
1022 3057 1078 3099 non
1111 3042 1249 3115 ,‚omnis“,

152 3133 200 3194 sed
220 3135 332 3195 codices
351 3138 397 3196 vel
417 3137 518 3210 optimi
538 3143 583 3196 sat
603 3154 689 3212 saepe
710 3140 797 3198 etiam
816 3140 847 3197 in
867 3139 1038 3197 nominativo
1058 3139 1176 3212 pluralis
1195 3154 1251 3196 nu-

148 3233 279 3291 meri-
305 3250 370 3292 nam
393 3235 423 3292 in
448 3236 609 3295 accusativo
627 3238 674 3295 est
693 3237 764 3296 satis
784 3236 929 3296 sollemnis
949 3236 999 3295 ille
1018 3237 1048 3294 in
1067 3243 1094 3294 is
1113 3235 1250 3293 terminus

151 3330 346 3404 —praebent
374 3330 492 3390 formam
522 3333 553 3391 in
576 3345 603 3394 is
623 3338 785 3407 exeuntem,
816 3335 895 3393 uelut
914 3334 1008 3408 ipsum
1029 3332 1249 3405 iilud„omn1s“

149 3429 254 3502 legitur
272 3429 303 3486 in
323 3429 442 3502 Vergilii
461 3430 590 3489 Medioeo
609 3431 683 3493 Aen.
703 3432 769 3503 VII,
789 3433 848 3492 625
868 3437 900 3491 et
920 3433 971 3501 XI,
994 3433 1062 3491 362.
1100 3429 1136 3489 In
1156 3429 1251 3487 Aetna

150 3525 276 3583 carmine
294 3525 484 3585 nominativus
503 3526 534 3584 in
553 3539 578 3587 is
598 3529 695 3587 exiens
714 3529 758 3588 bis
777 3529 885 3602 legitur
897 3529 928 3587 in
943 3527 1098 3599 codicibus,
1111 3525 1250 3606 ¹,‚omnis“

148 3620 234 3698 ’(162)
254 3625 284 3679 et
305 3624 466 3696 „potentis“
488 3624 580 3701 (359),
602 3626 703 3698 quibus
721 3627 792 3686 locis
808 3643 864 3700 ego
875 3627 903 3686 si
917 3629 1040 3686 Aetnam
1053 3625 1166 3685 aderam
1181 3625 1250 3696 „ss“
1343 3665 1346 3672 .

146 3718 336 3778 restituerem.
358 3720 433 3778 Illud
453 3737 520 3779 vero
532 3722 677 3794 „circum“
688 3727 794 3795 quanto
809 3738 895 3797 opere
909 3739 944 3783 ex
958 3722 1099 3783 sententia
1113 3721 1248 3793 arrideat,

149 3831 231 3873 nemo
251 3819 304 3884 est,
326 3817 393 3890 quin
411 3817 495 3876 facile
513 3819 583 3877 mihi
602 3820 748 3881 concedat
782 3820 874 3892 Quid?
895 3820 971 3893 quod
991 3820 1095 3878 mirum
1112 3826 1250 3892 quantum

154 3927 265 3970 mecum
278 3913 421 3973 consentit
432 3914 463 3972 in
474 3914 613 3974 desiderio
623 3917 746 3976 notionis
756 3916 1123 3991 „oiroum“Wcrnsdorflus,
1137 3916 1186 3990 qui
1195 3916 1252 3976 etsi

149 4009 302 4081 pessimum
332 4016 496 4070 contextum
525 4013 655 4087 praebet,
686 4015 757 4073 haec
776 4019 872 4073 tanim
896 4014 982 4074 habet
1001 4014 1031 4072 in
1052 4014 1249 4074 adnotatione:

149 4105 268 4178 „millia
286 4107 373 4165 culta’
395 4151 402 4165 .
424 4151 432 4170 .
452 4108 482 4168 h.
499 4124 528 4170 e.
548 4109 694 4169 innumera
711 4111 791 4169 culta
810 4112 882 4170 circa
895 4113 1018 4170 Aetnam
1032 4113 1124 4170 loca.“
1155 4109 1250 4170 Unum

148 4204 261 4262 addam.
294 4203 436 4279 Gouiuuge
454 4207 539 4266 modo
559 4204 630 4266 iilud
650 4208 795 4277 ‚,circum⁴‘
809 4209 911 4283 animo,
933 4209 965 4268 id
978 4209 1054 4284 quod
1067 4209 1143 4283 licet,
1164 4208 1251 4266 otiam

149 4316 212 4359 cum
233 4301 282 4375 eis,
304 4318 376 4373 quae
396 4303 575 4364 antecedunt.
606 4303 698 4364 Poeta
716 4305 848 4364 nimirum
867 4322 918 4366 suo
943 4307 1005 4366 iure
1025 4305 1183 4380 composuit
1201 4319 1250 4363 vo·
