3108 5202
736 615 949 679 ..22-

291 825 399 887 inserta
417 825 573 898 inquinare.
615 824 708 884 Puera
727 828 830 895 tamen,
861 823 909 896 qui
933 821 1135 895 interpolatum
1166 836 1227 880 esee
1258 818 1388 879 dicerent

293 939 348 983 non
367 927 426 984 tam
445 925 517 984 hanc
529 940 628 983 versus
640 923 769 993 formam,
789 938 874 995 quam
887 921 1037 994 Gyraldini
1050 921 1116 978 libri
1136 920 1271 994 „Panope
1289 917 1390 977 caelo“

293 1020 462 1083 exhibentis.
502 1023 570 1083 Jam
589 1025 812 1094 contemptorum
826 1019 975 1094 Gyraldini
995 1019 1066 1078 duae
1080 1022 1145 1077 sunt
1165 1021 1274 1091 partes:
1296 1017 1390 1075 altera

293 1117 380 1193 enim,
411 1119 441 1178 in
470 1120 515 1179 1111
544 1115 762 1192 Wernsdomius,
794 1117 835 1176 sic
863 1117 1077 1191 interpretatur:
1128 1114 1266 1188 „Quando
1307 1113 1386 1172 caelo

293 1215 407 1275 Phoebe
427 1221 546 1291 apparet
566 1217 664 1277 nubila
683 1222 713 1277 et
732 1216 849 1276 obscma
868 1219 931 1288 etc,
962 1216 1026 1274 coll.
1046 1213 1132 1287 Verg.
1154 1213 1258 1285 Georg.
1283 1211 1308 1283 I,
1329 1212 1386 1268 427

292 1312 338 1374 ed.
357 1313 456 1374 Bibba

450 1446 549 1519 ‘Luna
579 1449 755 1506 reuertentes
773 1462 858 1519 quom
877 1445 998 1519 primum
1018 1443 1127 1517 colligit
1151 1442 1223 1515 ignis

451 1543 484 1603 Si
502 1545 614 1618 nigrum
633 1545 753 1605 obscuro
773 1543 983 1617 comprenderit
1008 1558 1076 1602 aera
1096 1557 1193 1612 cornu,

449 1642 600 1700 Maxumus
619 1642 751 1716 agricolis
771 1643 925 1716 pelagoque
945 1641 1093 1714 parabitur
1112 1636 1240 1732 imber'hf‘

372 1792 413 1850 Ac
455 1790 510 1851 hoc
549 1796 593 1851 est
637 1790 765 1851 artificiis
815 1795 983 1862 extorquere
1026 1787 1302 1860 interpretationem:
1349 1783 1391 1842 sic

292 1902 349 1945 non
381 1887 506 1960 loquitur
538 1888 648 1958 Aetnae
680 1892 791 1960 auctor,
832 1903 868 1946 ne
907 1886 1021 1945 omnino
1054 1884 1183 1957 quidem,
1225 1882 1327 1941 nedum
1359 1880 1392 1937 in

292 1983 348 2041 hoc
387 1984 557 2058 astrologico
597 2000 732 2057 excursu,
772 1984 822 2043 ubi
861 1983 952 2043 oratio
985 1981 1219 2042 animadvertitur
1250 1979 1390 2051 imprimis

292 2079 451 2153 perspicua.
492 2081 598 2141 Contra
615 2082 720 2140 Munro
750 2081 886 2155 „nubila“
911 2080 1050 2153 intellegit
1076 2079 1266 2138 accusativum
1295 2091 1392 2135 casum

293 2177 404 2236 numeri
433 2178 553 2251 pluralis
582 2179 692 2254 generis
723 2179 851 2238 neutrius
881 2178 921 2237 sic
944 2178 1150 2250 interpretansr
1186 2191 1257 2248 „cur
1276 2159 1391 2231 Phoebe

292 2273 348 2346 ipsi
369 2275 449 2334 caelo
480 2275 578 2334 nubila
602 2276 651 2354 (=
670 2276 780 2353 nubes),
811 2279 927 2334 nostrae
955 2280 1049 2334 terrae
1079 2274 1183 2332 imbres
1213 2271 1390 2331 denuntiet“.

292 2373 388 2444 Atque
407 2374 479 2431 haec
496 2372 609 2446 quidem
623 2373 776 2447 explicatio
797 2373 865 2432 item
878 2371 1049 2445 reiectanea,
1070 2371 1141 2430 item
1161 2368 1288 2428 artificiis
1301 2367 1389 2440 impe-

292 2473 379 2528 trata.-
422 2468 480 2528 Gur
510 2470 624 2530 tandem
653 2487 710 2530 non
740 2471 837 2530 statim
856 2470 1018 2528 nominatur
1036 2468 1160 2538 Phoebe,
1192 2465 1295 2528 sedin
1314 2480 1390 2522 nova

293 2565 406 2624 demum
425 2567 579 2636 sententia,
612 2572 760 2642 postquam
785 2567 954 2628 antecedens
983 2581 1081 2625 versus
1111 2568 1228 2638 propter
1258 2561 1391 2621 deficiens

293 2662 448 2722 subiectum
469 2664 582 2724 omnino
612 2665 739 2739 intellegi
759 2680 815 2724 non
833 2662 945 2738 potuit?
984 2664 1048 2722 Hoc
1071 2663 1103 2720 in
1132 2665 1283 2732 utrumqne
1303 2658 1389 2730 cadit,

291 2757 322 2815 in
341 2758 566 2846 Wernsdcrfium
585 2776 641 2819 non
660 2761 751 2819 minus
772 2775 856 2833 quam
874 2761 904 2817 in
921 2761 1102 2826 Munronem3
1124 2756 1225 2817 deinde
1245 2762 1340 2816 autem
1359 2755 1391 2813 in

290 2853 441 2916 Mnnronis
470 2857 582 2916 ratione
603 2857 689 2916 etiam
718 2857 774 2918 hoc
807 2858 879 2916 mire
908 2858 1062 2931 cogitatum
1091 2856 1215 2914 videtum
1257 2853 1390 2926 „Phoebe

293 2953 371 3010 caelo
392 2953 525 3030 (detis.)
546 2953 633 3014 nubes
657 2955 835 3027 denuntiat“3
856 2955 937 3027 quasi
962 2971 1019 3013 non
1041 2953 1072 3012 in
1097 2954 1160 3026 ipso
1181 2952 1259 3011 caelo
1279 2955 1391 3009 veteres

291 3052 391 3122 gentes
410 3051 493 3110 lunae
514 3067 612 3110 cursus
641 3051 750 3113 absolvi
780 3051 963 3112 crediderint!
1003 3049 1099 3112 Aliter
1119 3067 1150 3111 se
1179 3067 1225 3110 res
1245 3048 1333 3108 habet
1361 3047 1394 3103 in

292 3144 445 3218 Gyrsldini
465 3148 607 3220 scriptura
627 3149 744 3222 „nnbila
770 3165 821 3208 our
840 3150 956 3223 Panope
976 3150 1054 3208 caelo
1086 3147 1234 3208 denuntiet
1251 3145 1392 3205 imbres“:

291 3243 339 3302 hic
369 3245 442 3302 enim
474 3247 588 3318 „caelo“
621 3246 763 3306 ablativus
790 3250 834 3306 est
863 3251 893 3305 et
912 3245 1069 3321 supplenda
1099 3244 1275 3318 praepositio
1305 3242 1394 3316 ,‚de“.

292 3339 349 3400 Sed
368 3341 662 3418 mendumcontraxit
681 3361 781 3404 nomen
812 3345 966 3418 ,‚Panope“
991 3344 1100 3404 scribae
1118 3343 1305 3413 tribuendum,
1336 3356 1393 3397 non

292 3439 499 3512 interpolatori,
520 3457 603 3514 quem
630 3443 743 3501 omnino
762 3443 792 3500 in
814 3441 971 3515 Gyraldino
991 3441 1149 3514 grassatum
1169 3457 1230 3500 esse
1250 3438 1393 3498 obstinate

293 3551 376 3610 nego.
417 3537 470 3596 Est
490 3539 574 3598 'enim
594 3539 709 3613 Panope
738 3540 864 3613 nympha
882 3539 992 3598 marina
1017 3555 1035 3597 a
1065 3539 1144 3598 caelo
1174 3539 1260 3612 plane
1289 3536 1393 3595 aliena.

293 3631 332 3692 At
351 3648 408 3693 non
420 3635 510 3710 video,
531 3637 601 3708 quid
613 3637 763 3709 displiceat
782 3636 812 3694 in
824 3635 977 3695 Matthiaei
989 3636 1103 3695 inuento
1124 3636 1280 3709 ‚,Phatne‘.
1311 3635 1394 3693 Dice·

292 3731 378 3791 batur
392 3733 467 3792 enim
478 3733 591 3792 Phatne
604 3734 683 3792 locus
697 3731 845 3792 nebulosus
855 3732 930 3791 inter
946 3731 1051 3792 Cancri
1064 3733 1159 3792 sidera
1172 3749 1245 3806 quae
1257 3737 1394 3790 vocantur

294 3826 382 3890 ‘'Ooor’
402 3832 448 3890 vel
469 3831 576 3900 ‘aselli’
596 3836 627 3889 et
646 3829 835 3889 credebantur
854 3845 922 3888 sane
941 3830 1009 3889 illae
1023 3831 1151 3903 nebulae,
1173 3831 1198 3889 si
1216 3831 1291 3888 iusto
1310 3832 1392 3914 erant

293 3928 446 3988 crassiores
467 3932 554 4000 atque
573 3927 761 3995 obscuriores,
794 3927 913 3986 multam
932 3927 1058 4000 pluriam
1077 3927 1258 4001 denuntiare,
1279 3941 1335 3999 qua
1355 3925 1391 3984 de

292 4041 324 4083 re
345 4024 507 4085 conferendi
527 4028 592 4084 sunt
611 4024 755 4098 1111111ςί,
778 4040 802 4084 e.
822 4042 866 4097 gr.
888 4024 995 4084 Aratus
1013 4025 1044 4083 iu
1065 4025 1182 4085 diesem.
1202 4042 1228 4083 v.
1253 4025 1308 4084 160
1329 4038 1389 4094 sqq.

293 4123 352 4181 264
371 4138 432 4195 sqq.
473 4122 629 4182 Praeterea
657 4120 785 4182 conferas
809 4123 1007 4182 Eratosthenis
1036 4123 1221 4182 1111111111111.
1251 4119 1298 4180 XI
1327 4135 1391 4177 cum

293 4219 488 4292 inscriptione:
530 4217 686 4298 (Καρκῖνος,
711 4216 790 4280 'Oros
809 4219 854 4281 καὶ
875 4218 986 4298 Φάτνη’.
1027 4220 1091 4279 Jem
1120 4219 1214 4277 omnia
1244 4217 1392 4290 eleganter

294 4317 460 4377 decurrunt:
481 4316 654 4376 1111111237
675 4332 756 4376 suum
772 4316 946 4377 reddidimus
967 4316 1132 4385 subiectum,
1154 4315 1229 4387 quod
1249 4317 1393 4387 corrupte·
