3108 5202
585 614 795 678 „59-

137 827 170 899 Q.
202 826 242 895 V,
271 827 299 899 4,
331 830 355 885 1·
389 826 461 886 baec
493 827 595 885 habes:
639 870 663 895 ,.
699 869 707 884 .
743 872 751 887 .
782 843 846 886 curn
893 842 997 898 magna
1037 829 1067 884 et
1110 825 1245 884 continua

138 941 174 983 ex
204 922 262 980 imo
293 924 457 996 evaporatio
496 923 526 980 in
559 923 649 981 altum
674 923 746 995 egit,
779 939 852 996 quae
876 923 1008 982 emiserat
1035 921 1105 997 (non
1138 938 1243 992 ,emer-

136 1018 261 1094 serat“),
292 1019 453 1078 immutatio
477 1019 541 1092 ipsa
565 1019 671 1078 halitus
701 1020 785 1078 mixti
804 1020 835 1078 in
855 1023 969 1079 ventum
1000 1019 1129 1078 vertitur.
1171 1019 1243 1090 Quid

136 1116 253 1175 tandem
273 1116 352 1175 eliud
372 1121 438 1175 sunt
463 1116 535 1175 tales
560 1115 693 1188 nebulae,
725 1116 823 1188 quales
853 1116 883 1174 in
916 1115 1008 1189 pratis
1039 1121 1089 1174 aut
1122 1115 1247 1174 vallibus

136 1231 228 1287 prope
248 1212 348 1274 fluvios
368 1214 581 1287 conspiciuntur
598 1214 751 1283 interdum,
773 1214 828 1272 nisi
842 1213 1058 1287 evaporationes
1071 1230 1107 1272 ox
1127 1214 1244 1273 humido

137 1311 307 1385 surgentes?
347 1311 393 1370 Ex
419 1311 523 1370 nebula
548 1316 646 1369 autem
671 1315 773 1370 ventus
794 1311 921 1370 nascitur
940 1312 995 1370 boc
1014 1311 1111 1369 modo:
1143 1312 1247 1370 nebula

138 1413 183 1469 e'st
203 1409 316 1482 spissus,
337 1409 444 1482 gravis,
467 1424 643 1481 compressus
664 1413 722 1478 adr,
744 1409 791 1480 qui
804 1409 854 1467 ubi
869 1408 1043 1480 dissolvitur,
1068 1413 1246 1468 ‘extenuatus

137 1507 241 1570 nititur
270 1507 301 1564 in
331 1507 495 1578 ampliorem
527 1505 628 1565 locum*
660 1504 708 1582 (cf.
734 1506 770 1566 N.
793 1506 826 1577 Q.
847 1507 881 1578 V,
911 1507 938 1577 5,
962 1505 1001 1580 1).
1043 1506 1122 1565 ldem
1152 1506 1247 1564 innuit

137 1605 190 1663 illo
210 1605 275 1663 loco
296 1608 326 1663 et
345 1604 456 1662 Aetnae
474 1608 586 1676 auctor,
608 1603 676 1662 lieet
695 1603 743 1661 hic
762 1608 864 1662 ventos
885 1620 952 1661 suos
972 1620 1106 1676 semper
1126 1603 1163 1662 ad
1183 1619 1246 1662 cer·

137 1705 185 1759 tas
205 1716 305 1758 causas
326 1706 490 1772 certumque
509 1700 661 1773 impulsum
685 1700 801 1759 aliunde
831 1701 991 1758 venientem
1021 1706 1149 1772 revocet,
1183 1717 1246 1758 cnm

137 1798 265 1856 Senecae
285 1798 399 1870 placeat
418 1802 561 1869 praeter
591 1798 665 1856 banc
691 1798 849 1872 doctrinam
875 1797 961 1856 etiam
981 1798 1073 1856 altera
1093 1798 1244 1870 quaedam:

137 1896 210 1954 dicit
226 1895 305 1954 enim
332 1895 491 1971 (1111,
515 1895 541 1967 b,
565 1895 595 1970 l)
622 1896 744 1965 ,habere
770 1901 838 1954 abra
862 1896 1020 1955 naturalem
1039 1897 1096 1955 vim
1116 1895 1248 1954 movendi

139 2009 172 2052 se
193 2008 284 2064 neque
304 1991 418 2050 aliunde
438 1993 598 2065 concipere,
630 1993 680 2051 sed
710 1993 803 2052 inesse
827 1994 870 2052 illi
895 1999 929 2052 ut
947 1995 1069 2053 aliarum
1088 2012 1185 2068 rerum
1205 1995 1247 2053 ita

139 2090 226 2148 huius
256 2089 438 2162 potentiam.“
482 2089 588 2150 Versus
619 2095 715 2149 autem
740 2092 895 2150 309-311
929 2093 1047 2150 eandem
1077 2092 1248 2152 sententiam

137 2186 267 2246 referunt
297 2202 381 2258 quam
411 2187 499 2246 habet
528 2185 637 2246 Seneca
656 2189 693 2247 N.
714 2188 746 2259 Q.
768 2188 818 2256 11,
841 2190 887 2256 22,
913 2191 991 2246 2-4
1023 2189 1058 2248 de
1088 2195 1182 2249 terrae
1213 2207 1247 2248 eo

138 2290 233 2352 motu,
264 2285 313 2358 qui
337 2285 517 2344 succussione
540 2284 573 2342 fit
602 2293 677 2354 tum,
710 2302 773 2344 eum
800 2286 870 2356 ,sub
890 2287 976 2345 terris
997 2333 1004 2346 .
1026 2330 1031 2343 .
1055 2304 1091 2346 ex
1110 2287 1155 2345 his
1175 2302 1248 2358 quae

141 2381 306 2455 impendent
325 2382 443 2455 rupibus
463 2382 560 2454 aliqua
579 2384 707 2441 resoluta
727 2399 830 2455 magno
856 2383 980 2455 pondere
1001 2400 1036 2441 ac
1056 2400 1125 2442 sono
1146 2384 1248 2460 (=in-

142 2478 221 2553 genti
241 2479 346 2547 sonitu,
381 2479 480 2538 Aetna
510 2479 583 2554 310)
613 2481 643 2538 in
673 2480 865 2540 subiacentem
890 2497 1038 2539 cavernam
1063 2481 1167 2540 cadit“.
1209 2482 1249 2539 At

142 2592 212 2636 vero
234 2577 391 2636 succutitur
410 2583 502 2650 terra,
535 2577 609 2649 quod
634 2578 846 2650 procidentibus
866 2577 987 2636 molibus
1010 2578 1107 2650 ingens
1128 2577 1250 2638 efficitur

140 2673 219 2732 aeris
238 2674 268 2732 in
289 2691 384 2733 omnes
404 2680 501 2747 partes
516 2674 685 2734 discedentis
699 2674 870 2746 compressio
884 2680 998 2732 ventum
1011 2675 1136 2748 gignens
1164 2674 1248 2733 Simi-

138 2771 208 2829 liter
227 2772 368 2830 sentiebat
389 2777 418 2831 et
431 2772 637 2844 Anaximenes,
671 2772 704 2831 cf.
726 2773 760 2830 N.
784 2773 815 2844 Q.
838 2772 889 2844 VL
914 2774 958 2844 10,
981 2778 1066 2845 atque
1080 2774 1165 2833 etiam
1186 2789 1249 2833 nos-

138 2873 250 2926 trorum
263 2875 424 2942 temporum
437 2870 494 2928 viri
514 2869 592 2928 docti
611 2869 685 2928 idem
700 2871 819 2928 credunt
837 2870 973 2940 nonnulli,
995 2869 1029 2929 11.
1047 2871 1169 2944 ,Volger
1190 2871 1248 2930 und

139 2966 234 3038 Mohr,
246 2966 325 3025 Erde
335 2967 393 3024 und
402 2967 575 3040 Ewigkeit“,
587 2985 613 3040 p.
628 2967 694 3026 252.
706 2999 744 3011 --
756 2967 821 3051 Vim
830 2967 1025 3026 incredibilem
1035 2968 1152 3044 spiritus
1162 2973 1249 3041 poeta

140 3063 264 3122 maxime
278 3063 429 3122 adumbrat
437 3081 482 3124 vv.
494 3066 552 3124 324
563 3079 623 3136 sqq.
636 3065 691 3123 381
709 3081 770 3137 sqq.
792 3065 876 3123 Haud
889 3065 974 3123 aliter
984 3066 1104 3124 sensisse
1115 3066 1250 3126 Senecam

141 3161 245 3219 doceat
274 3163 367 3230 locus,
399 3162 448 3233 qui
468 3166 512 3221 est
531 3163 566 3220 N.
589 3162 621 3233 Q.
646 3161 697 3234 11,
721 3163 767 3232 18,
789 3163 818 3220 3:
854 3162 916 3231 „Ita
937 3162 997 3221 eius
1017 3161 1048 3238 (i.
1072 3179 1096 3220 e.
1119 3163 1249 3239 spiritus)

139 3275 198 3316 non
228 3264 324 3332 potest
353 3261 396 3319 vis
426 3265 509 3319 tanta
538 3260 666 3319 cohiberi
691 3277 743 3319 nec
767 3265 883 3319 ventum
910 3265 990 3318 tenet
1009 3261 1069 3319 ulla
1089 3277 1249 3334 compages.

141 3355 235 3416 Solvit
254 3358 330 3415 enirn
349 3358 534 3430 quodcunque
554 3358 698 3417 vinculum
719 3362 748 3417 11
768 3374 838 3416 unus
859 3374 941 3416 omne
960 3358 1018 3416 fert
1036 3374 1131 3416 secum
1153 3356 1201 3432 (11.
1221 3375 1249 3418 1.

142 3454 215 3530 383)
237 3501 245 3516 .
266 3502 273 3516 .
295 3500 301 3513 .
325 3455 450 3529 Spiritus
469 3439 577 3516 invicta
596 3475 643 3517 res
665 3462 735 3518 es't.“
779 3457 822 3518 cf.
850 3462 880 3516 et
903 3458 939 3517 N.
961 3458 994 3529 Q.
1021 3457 1070 3528 VI,
1093 3457 1140 3526 21,
1164 3458 1249 3514 1.-

141 3552 327 3628 Nutrimenta
346 3554 421 3627 ignis
440 3553 564 3614 Aetnaei
585 3560 669 3628 po'e'ta
690 3555 773 3613 affert
793 3556 925 3628 sulphur,
956 3556 1082 3626 alumen,
1114 3553 1249 3620 bitumen,

141 3649 282 3722 imprimis
301 3649 427 3723 lapidem
446 3651 596 3719 molarem,
628 3651 665 3711 cf.
684 3669 717 3712 ,1.
739 3655 796 3712 386
818 3669 892 3726 eqo,
925 3668 980 3725 quo
1010 3652 1133 3710 deloco
1158 3664 1252 3723 pauca

142 3747 245 3820 dicam,
268 3764 331 3807 oum
351 3748 475 3806 nondum
494 3749 563 3808 satis
577 3748 615 3807 sit
629 3750 801 3808 emendatus.
843 3751 948 3808 Munro
969 3750 1006 3808 ad
1025 3763 1124 3807 vocem
1147 3743 1250 3806 ‘silvae'

142 3845 184 3922 (v.
206 3847 276 3921 386)
297 3845 426 3904 adnotat:
462 3845 528 3915 „the
548 3846 621 3918 plur.
647 3863 737 3905 seems
762 3847 904 3906 curicus“.
946 3846 1020 3906 Sane
1043 3846 1168 3918 quidem,
1200 3842 1251 3902 sed

142 3958 202 4002 non
222 3949 266 4002 cst
285 3943 475 4002 nominativus
495 3944 621 4016 pluralis,
647 3944 697 4002 sed
717 3947 865 4016 genetivus
885 3944 1047 4018 singularis,
1081 3943 1158 4015 quod
1177 3939 1252 4015 fugit

143 4041 269 4100 editores
298 4041 457 4114 plerosque.
499 4039 556 4099 Sed
585 4041 654 4112 qnid
684 4041 792 4099 multa?
831 4042 929 4101 Missis
960 4042 1101 4101 editomm
1134 4039 1251 4113 ineptiis

142 4155 198 4212 age
218 4155 326 4197 mecum
346 4140 388 4197 sic
407 4140 498 4211 legas:

272 4236 373 4310 „Nunc
393 4241 517 4309 superat,
539 4251 731 4308 quaecumque
752 4239 844 4300 creant
862 4237 994 4296 incendia
1013 4237 1110 4311 silvae,

271 4335 350 4408 Quae
370 4333 498 4394 flammas
518 4333 655 4392 alimenta
674 4337 784 4406 vocent,
805 4333 875 4405 quid
896 4334 1005 4394 nutriat
1024 4335 1146 4392 Aetnam
