<?xml version="1.0" encoding="UTF-8"?>
<!DOCTYPE html PUBLIC "-//W3C//DTD XHTML 1.0 Transitional//EN"
    "http://www.w3.org/TR/xhtml1/DTD/xhtml1-transitional.dtd">
<html xmlns="http://www.w3.org/1999/xhtml" xml:lang="en" lang="en">
 <head>
  <title>
</title>
<meta http-equiv="Content-Type" content="text/html;charset=utf-8" />
  <meta name='ocr-system' content='tesseract 3.04.00' />
  <meta name='ocr-capabilities' content='ocr_page ocr_carea ocr_par ocr_line ocrx_word'/>
</head>
<body>
  <div class='ocr_page' id='page_1' title='image "./deaetnapoemateq00waglgoog_0053.png"; bbox 0 0 3108 5202; ppageno 0'>
   <div class='ocr_carea' id='block_1_1' title="bbox 747 594 965 656">
    <p class='ocr_par' dir='ltr' id='par_1_1' title="bbox 747 594 965 656">
     <span class='ocr_line' id='line_1_1' title="bbox 747 594 965 656; baseline -0.009 -16"><span class='ocrx_word' id='word_1_1' title='bbox 747 594 965 656; x_wconf 75' lang='grc'><strong>-46-</strong></span> 
     </span>
    </p>
   </div>
   <div class='ocr_carea' id='block_1_2' title="bbox 289 793 1417 986">
    <p class='ocr_par' dir='ltr' id='par_1_2' title="bbox 289 793 1417 986">
     <span class='ocr_line' id='line_1_2' title="bbox 301 793 1417 877; baseline -0.004 -13"><span class='ocrx_word' id='word_1_2' title='bbox 301 807 423 865; x_wconf 86' lang='lat' dir='ltr'>veritate</span> <span class='ocrx_word' id='word_1_3' title='bbox 456 823 490 864; x_wconf 91' lang='lat' dir='ltr'>ac</span> <span class='ocrx_word' id='word_1_4' title='bbox 521 793 624 864; x_wconf 80' lang='lat' dir='ltr'>natura</span> <span class='ocrx_word' id='word_1_5' title='bbox 653 806 851 877; x_wconf 80' lang='lat' dir='ltr'>abhorrentes,</span> <span class='ocrx_word' id='word_1_6' title='bbox 884 804 1041 864; x_wconf 83' lang='lat' dir='ltr'>identidem</span> <span class='ocrx_word' id='word_1_7' title='bbox 1066 803 1149 862; x_wconf 89' lang='lat' dir='ltr'>avide</span> <span class='ocrx_word' id='word_1_8' title='bbox 1170 806 1214 861; x_wconf 89' lang='lat' dir='ltr'>est</span> <span class='ocrx_word' id='word_1_9' title='bbox 1233 804 1269 860; x_wconf 91' lang='lat' dir='ltr'>ab</span> <span class='ocrx_word' id='word_1_10' title='bbox 1290 807 1417 874; x_wconf 91' lang='lat' dir='ltr'>utroque</span> 
     </span>
     <span class='ocr_line' id='line_1_3' title="bbox 289 898 1415 986; baseline -0.005 -24"><span class='ocrx_word' id='word_1_11' title='bbox 289 909 418 962; x_wconf 80' lang='lat' dir='ltr'>auctore</span> <span class='ocrx_word' id='word_1_12' title='bbox 438 909 569 976; x_wconf 86' lang='lat' dir='ltr'>arrepta:</span> <span class='ocrx_word' id='word_1_13' title='bbox 602 903 688 974; x_wconf 84' lang='lat' dir='ltr'>quid?</span> <span class='ocrx_word' id='word_1_14' title='bbox 719 903 795 974; x_wconf 88' lang='lat' dir='ltr'>quod</span> <span class='ocrx_word' id='word_1_15' title='bbox 820 908 912 986; x_wconf 85' lang='lat' dir='ltr'>totum</span> <span class='ocrx_word' id='word_1_16' title='bbox 939 903 1087 960; x_wconf 86' lang='lat' dir='ltr'>exordium</span> <span class='ocrx_word' id='word_1_17' title='bbox 1107 901 1245 974; x_wconf 78' lang='lat' dir='ltr'>poematii</span> <span class='ocrx_word' id='word_1_18' title='bbox 1264 916 1352 970; x_wconf 87' lang='lat' dir='ltr'>usquo</span> <span class='ocrx_word' id='word_1_19' title='bbox 1373 898 1415 956; x_wconf 88' lang='lat' dir='ltr'>ad</span> 
     </span>
    </p>
   </div>
   <div class='ocr_carea' id='block_1_3' title="bbox 198 989 1416 1074">
    <p class='ocr_par' dir='ltr' id='par_1_3' title="bbox 198 989 1416 1074">
     <span class='ocr_line' id='line_1_4' title="bbox 198 989 1416 1074; baseline -0.007 -14"><span class='ocrx_word' id='word_1_20' title='bbox 198 989 201 994; x_wconf 66' lang='grc'><strong>’</strong></span> <span class='ocrx_word' id='word_1_21' title='bbox 300 1018 326 1059; x_wconf 90' lang='lat' dir='ltr'>v.</span> <span class='ocrx_word' id='word_1_22' title='bbox 350 1003 388 1060; x_wconf 87' lang='lat'>94</span> <span class='ocrx_word' id='word_1_23' title='bbox 413 1006 513 1060; x_wconf 86' lang='lat' dir='ltr'>contra</span> <span class='ocrx_word' id='word_1_24' title='bbox 537 1004 687 1074; x_wconf 81' lang='lat' dir='ltr'>poetarum</span> <span class='ocrx_word' id='word_1_25' title='bbox 707 999 856 1058; x_wconf 91' lang='lat' dir='ltr'>mendacia</span> <span class='ocrx_word' id='word_1_26' title='bbox 875 1005 963 1071; x_wconf 86' lang='lat' dir='ltr'>atque</span> <span class='ocrx_word' id='word_1_27' title='bbox 983 999 1190 1057; x_wconf 73' lang='lat' dir='ltr'>elucidationes</span> <span class='ocrx_word' id='word_1_28' title='bbox 1211 1002 1254 1055; x_wconf 87' lang='lat' dir='ltr'>est</span> <span class='ocrx_word' id='word_1_29' title='bbox 1274 997 1416 1068; x_wconf 90' lang='lat' dir='ltr'>composi-</span> 
     </span>
    </p>
   </div>
   <div class='ocr_carea' id='block_1_4' title="bbox 299 1092 1414 2633">
    <p class='ocr_par' dir='ltr' id='par_1_4' title="bbox 299 1092 1414 2633">
     <span class='ocr_line' id='line_1_5' title="bbox 300 1092 1412 1172; baseline -0.005 -16"><span class='ocrx_word' id='word_1_30' title='bbox 300 1103 369 1172; x_wconf 89' lang='lat' dir='ltr'>tum,</span> <span class='ocrx_word' id='word_1_31' title='bbox 392 1096 427 1158; x_wconf 85' lang='lat' dir='ltr'>cf.</span> <span class='ocrx_word' id='word_1_32' title='bbox 449 1104 565 1171; x_wconf 89' lang='lat' dir='ltr'>praeter</span> <span class='ocrx_word' id='word_1_33' title='bbox 585 1114 610 1154; x_wconf 90' lang='grc'>1.</span> <span class='ocrx_word' id='word_1_34' title='bbox 634 1097 671 1155; x_wconf 91' lang='grc'>19</span> <span class='ocrx_word' id='word_1_35' title='bbox 693 1097 815 1155; x_wconf 85' lang='lat' dir='ltr'>maxime</span> <span class='ocrx_word' id='word_1_36' title='bbox 835 1113 879 1156; x_wconf 90' lang='lat' dir='ltr'>vv.</span> <span class='ocrx_word' id='word_1_37' title='bbox 902 1097 1030 1154; x_wconf 85' lang='lat'>74-91.</span> <span class='ocrx_word' id='word_1_38' title='bbox 1073 1096 1134 1153; x_wconf 90' lang='lat' dir='ltr'>Iam</span> <span class='ocrx_word' id='word_1_39' title='bbox 1154 1094 1299 1152; x_wconf 89' lang='lat' dir='ltr'>videamus</span> <span class='ocrx_word' id='word_1_40' title='bbox 1320 1092 1412 1152; x_wconf 84' lang='lat' dir='ltr'>Seue-</span> 
     </span>
     <span class='ocr_line' id='line_1_6' title="bbox 300 1189 1414 1265; baseline -0.007 -10"><span class='ocrx_word' id='word_1_41' title='bbox 300 1213 370 1255; x_wconf 91' lang='lat' dir='ltr'>cam.</span> <span class='ocrx_word' id='word_1_42' title='bbox 416 1197 450 1254; x_wconf 92' lang='lat' dir='ltr'>In</span> <span class='ocrx_word' id='word_1_43' title='bbox 469 1195 662 1254; x_wconf 78' lang='lat' dir='ltr'>consolatione</span> <span class='ocrx_word' id='word_1_44' title='bbox 687 1195 723 1251; x_wconf 92' lang='lat' dir='ltr'>ad</span> <span class='ocrx_word' id='word_1_45' title='bbox 744 1193 882 1251; x_wconf 88' lang='lat' dir='ltr'>Marciam</span> <span class='ocrx_word' id='word_1_46' title='bbox 906 1193 950 1264; x_wconf 84' lang='lat'>13,</span> <span class='ocrx_word' id='word_1_47' title='bbox 973 1193 991 1250; x_wconf 88' lang='grc'>4</span> <span class='ocrx_word' id='word_1_48' title='bbox 1017 1193 1088 1251; x_wconf 90' lang='lat' dir='ltr'>baec</span> <span class='ocrx_word' id='word_1_49' title='bbox 1108 1192 1252 1265; x_wconf 85' lang='lat' dir='ltr'>leguntur:</span> <span class='ocrx_word' id='word_1_50' title='bbox 1288 1189 1414 1263; x_wconf 81' lang='lat' dir='ltr'>,Cogita</span> 
     </span>
     <span class='ocr_line' id='line_1_7' title="bbox 299 1287 1412 1363; baseline -0.004 -12"><span class='ocrx_word' id='word_1_51' title='bbox 299 1294 385 1352; x_wconf 91' lang='lat' dir='ltr'>nullis</span> <span class='ocrx_word' id='word_1_52' title='bbox 411 1292 572 1352; x_wconf 82' lang='lat' dir='ltr'>defunctum</span> <span class='ocrx_word' id='word_1_53' title='bbox 592 1293 675 1350; x_wconf 89' lang='lat' dir='ltr'>malis</span> <span class='ocrx_word' id='word_1_54' title='bbox 695 1290 793 1363; x_wconf 90' lang='lat' dir='ltr'>adfici,</span> <span class='ocrx_word' id='word_1_55' title='bbox 816 1292 875 1358; x_wconf 88' lang='lat' dir='ltr'>illa,</span> <span class='ocrx_word' id='word_1_56' title='bbox 897 1308 971 1362; x_wconf 90' lang='lat' dir='ltr'>quae</span> <span class='ocrx_word' id='word_1_57' title='bbox 991 1291 1073 1348; x_wconf 92' lang='lat' dir='ltr'>nobis</span> <span class='ocrx_word' id='word_1_58' title='bbox 1094 1290 1200 1348; x_wconf 85' lang='lat' dir='ltr'>inferos</span> <span class='ocrx_word' id='word_1_59' title='bbox 1221 1287 1330 1348; x_wconf 83' lang='lat' dir='ltr'>iaciunt</span> <span class='ocrx_word' id='word_1_60' title='bbox 1350 1297 1412 1346; x_wconf 88' lang='lat' dir='ltr'>ter-</span> 
     </span>
     <span class='ocr_line' id='line_1_8' title="bbox 299 1389 1412 1460; baseline -0.004 -11"><span class='ocrx_word' id='word_1_61' title='bbox 299 1392 406 1460; x_wconf 88' lang='lat' dir='ltr'>ribiles,</span> <span class='ocrx_word' id='word_1_62' title='bbox 427 1391 553 1451; x_wconf 81' lang='lat' dir='ltr'>fabulam</span> <span class='ocrx_word' id='word_1_63' title='bbox 575 1407 644 1458; x_wconf 90' lang='lat' dir='ltr'>esse,</span> <span class='ocrx_word' id='word_1_64' title='bbox 665 1390 759 1448; x_wconf 91' lang='lat' dir='ltr'>nullas</span> <span class='ocrx_word' id='word_1_65' title='bbox 780 1390 927 1448; x_wconf 87' lang='lat' dir='ltr'>imminere</span> <span class='ocrx_word' id='word_1_66' title='bbox 947 1389 1068 1447; x_wconf 87' lang='lat' dir='ltr'>mortuis</span> <span class='ocrx_word' id='word_1_67' title='bbox 1088 1389 1221 1446; x_wconf 87' lang='lat' dir='ltr'>tenebras</span> <span class='ocrx_word' id='word_1_68' title='bbox 1241 1404 1294 1445; x_wconf 90' lang='lat' dir='ltr'>nec</span> <span class='ocrx_word' id='word_1_69' title='bbox 1314 1403 1412 1445; x_wconf 91' lang='lat' dir='ltr'>carce-</span> 
     </span>
     <span class='ocr_line' id='line_1_9' title="bbox 299 1483 1410 1562; baseline -0.004 -16"><span class='ocrx_word' id='word_1_70' title='bbox 299 1506 360 1546; x_wconf 90' lang='lat' dir='ltr'>rem</span> <span class='ocrx_word' id='word_1_71' title='bbox 390 1506 443 1547; x_wconf 91' lang='lat' dir='ltr'>neo</span> <span class='ocrx_word' id='word_1_72' title='bbox 473 1487 589 1547; x_wconf 90' lang='lat' dir='ltr'>flumina</span> <span class='ocrx_word' id='word_1_73' title='bbox 613 1488 677 1562; x_wconf 82' lang='lat' dir='ltr'>igne</span> <span class='ocrx_word' id='word_1_74' title='bbox 697 1486 848 1561; x_wconf 83' lang='lat' dir='ltr'>flagrantia</span> <span class='ocrx_word' id='word_1_75' title='bbox 868 1504 920 1545; x_wconf 91' lang='lat' dir='ltr'>neo</span> <span class='ocrx_word' id='word_1_76' title='bbox 941 1487 1092 1546; x_wconf 86' lang='lat' dir='ltr'>oblivionis</span> <span class='ocrx_word' id='word_1_77' title='bbox 1114 1502 1226 1544; x_wconf 91' lang='lat' dir='ltr'>amnem</span> <span class='ocrx_word' id='word_1_78' title='bbox 1246 1501 1298 1543; x_wconf 92' lang='lat' dir='ltr'>nec</span> <span class='ocrx_word' id='word_1_79' title='bbox 1317 1483 1410 1543; x_wconf 91' lang='lat' dir='ltr'>tribn-</span> 
     </span>
     <span class='ocr_line' id='line_1_10' title="bbox 299 1581 1411 1656; baseline -0.001 -13"><span class='ocrx_word' id='word_1_80' title='bbox 299 1585 379 1644; x_wconf 88' lang='lat' dir='ltr'>nalia</span> <span class='ocrx_word' id='word_1_81' title='bbox 399 1591 427 1644; x_wconf 91' lang='lat' dir='ltr'>et</span> <span class='ocrx_word' id='word_1_82' title='bbox 447 1602 512 1645; x_wconf 91' lang='lat' dir='ltr'>reos</span> <span class='ocrx_word' id='word_1_83' title='bbox 533 1592 563 1644; x_wconf 91' lang='lat' dir='ltr'>et</span> <span class='ocrx_word' id='word_1_84' title='bbox 582 1587 612 1643; x_wconf 94' lang='lat' dir='ltr'>in</span> <span class='ocrx_word' id='word_1_85' title='bbox 632 1586 683 1643; x_wconf 92' lang='grc'><strong>1111</strong></span> <span class='ocrx_word' id='word_1_86' title='bbox 702 1585 838 1644; x_wconf 86' lang='lat' dir='ltr'>libertate</span> <span class='ocrx_word' id='word_1_87' title='bbox 858 1590 918 1642; x_wconf 90' lang='lat' dir='ltr'>tarn</span> <span class='ocrx_word' id='word_1_88' title='bbox 939 1585 1004 1642; x_wconf 87' lang='grc'><strong>1111</strong></span> <span class='ocrx_word' id='word_1_89' title='bbox 1023 1585 1098 1642; x_wconf 91' lang='lat' dir='ltr'>ullos</span> <span class='ocrx_word' id='word_1_90' title='bbox 1112 1585 1217 1642; x_wconf 90' lang='lat' dir='ltr'>iterum</span> <span class='ocrx_word' id='word_1_91' title='bbox 1231 1589 1369 1656; x_wconf 87' lang='lat' dir='ltr'>tyrannos</span> <span class='ocrx_word' id='word_1_92' title='bbox 1377 1581 1411 1655; x_wconf 86' lang='lat'>¹).</span> 
     </span>
     <span class='ocr_line' id='line_1_11' title="bbox 299 1679 1411 1757; baseline -0.005 -15"><span class='ocrx_word' id='word_1_93' title='bbox 299 1684 478 1742; x_wconf 87' lang='lat' dir='ltr'>Luserunt</span> <span class='ocrx_word' id='word_1_94' title='bbox 498 1684 568 1742; x_wconf 87' lang='lat' dir='ltr'>ista</span> <span class='ocrx_word' id='word_1_95' title='bbox 588 1688 714 1757; x_wconf 78' lang='lat' dir='ltr'>poetae</span> <span class='ocrx_word' id='word_1_96' title='bbox 735 1688 770 1741; x_wconf 89' lang='grc'>11</span> <span class='ocrx_word' id='word_1_97' title='bbox 789 1683 963 1740; x_wconf 88' lang='grc'><strong>11111111</strong></span> <span class='ocrx_word' id='word_1_98' title='bbox 977 1684 1166 1754; x_wconf 82' lang='lat' dir='ltr'>agitavere</span> <span class='ocrx_word' id='word_1_99' title='bbox 1181 1679 1411 1740; x_wconf 83' lang='lat' dir='ltr'>terroribus.“</span> 
     </span>
     <span class='ocr_line' id='line_1_12' title="bbox 301 1777 1413 1854; baseline -0.004 -16"><span class='ocrx_word' id='word_1_100' title='bbox 301 1779 366 1854; x_wconf 76' lang='lat' dir='ltr'>Qua</span> <span class='ocrx_word' id='word_1_101' title='bbox 396 1798 460 1838; x_wconf 91' lang='lat' dir='ltr'>oum</span> <span class='ocrx_word' id='word_1_102' title='bbox 485 1783 615 1839; x_wconf 90' lang='lat' dir='ltr'>oratione</span> <span class='ocrx_word' id='word_1_103' title='bbox 636 1780 671 1840; x_wconf 89' lang='lat' dir='ltr'>of.</span> <span class='ocrx_word' id='word_1_104' title='bbox 693 1782 804 1839; x_wconf 87' lang='lat' dir='ltr'>Aetnae</span> <span class='ocrx_word' id='word_1_105' title='bbox 824 1796 870 1837; x_wconf 90' lang='lat' dir='ltr'>vv.</span> <span class='ocrx_word' id='word_1_106' title='bbox 893 1781 1021 1840; x_wconf 81' lang='lat'>77-84.</span> <span class='ocrx_word' id='word_1_107' title='bbox 1064 1780 1174 1838; x_wconf 84' lang='lat' dir='ltr'>Eadem</span> <span class='ocrx_word' id='word_1_108' title='bbox 1194 1784 1238 1838; x_wconf 88' lang='lat' dir='ltr'>est</span> <span class='ocrx_word' id='word_1_109' title='bbox 1258 1777 1413 1836; x_wconf 84' lang='lat' dir='ltr'>similitudo</span> 
     </span>
     <span class='ocr_line' id='line_1_13' title="bbox 299 1873 1414 1949; baseline -0.006 -13"><span class='ocrx_word' id='word_1_110' title='bbox 299 1880 410 1937; x_wconf 87' lang='lat' dir='ltr'>Aetnae</span> <span class='ocrx_word' id='word_1_111' title='bbox 430 1895 473 1936; x_wconf 91' lang='lat' dir='ltr'>vv.</span> <span class='ocrx_word' id='word_1_112' title='bbox 497 1880 614 1938; x_wconf 84' lang='lat'>87-90</span> <span class='ocrx_word' id='word_1_113' title='bbox 636 1895 698 1936; x_wconf 90' lang='lat' dir='ltr'>curn</span> <span class='ocrx_word' id='word_1_114' title='bbox 718 1879 781 1936; x_wconf 91' lang='lat' dir='ltr'>loco</span> <span class='ocrx_word' id='word_1_115' title='bbox 802 1878 923 1949; x_wconf 87' lang='lat' dir='ltr'>quodam</span> <span class='ocrx_word' id='word_1_116' title='bbox 942 1879 973 1934; x_wconf 93' lang='lat' dir='ltr'>in</span> <span class='ocrx_word' id='word_1_117' title='bbox 993 1876 1118 1936; x_wconf 82' lang='lat' dir='ltr'>Senecae</span> <span class='ocrx_word' id='word_1_118' title='bbox 1138 1877 1175 1935; x_wconf 91' lang='lat' dir='ltr'>ad</span> <span class='ocrx_word' id='word_1_119' title='bbox 1196 1875 1356 1935; x_wconf 80' lang='lat' dir='ltr'>Gallionem</span> <span class='ocrx_word' id='word_1_120' title='bbox 1377 1873 1414 1930; x_wconf 89' lang='lat' dir='ltr'>de</span> 
     </span>
     <span class='ocr_line' id='line_1_14' title="bbox 299 1971 1409 2048; baseline -0.005 -15"><span class='ocrx_word' id='word_1_121' title='bbox 299 1977 360 2033; x_wconf 90' lang='grc'><strong>1111</strong></span> <span class='ocrx_word' id='word_1_122' title='bbox 383 1977 470 2034; x_wconf 88' lang='lat' dir='ltr'>beata</span> <span class='ocrx_word' id='word_1_123' title='bbox 495 1975 607 2048; x_wconf 82' lang='lat' dir='ltr'>dialogo</span> <span class='ocrx_word' id='word_1_124' title='bbox 629 1976 675 2047; x_wconf 88' lang='grc'>16,</span> <span class='ocrx_word' id='word_1_125' title='bbox 699 1976 726 2046; x_wconf 89' lang='grc'>6,</span> <span class='ocrx_word' id='word_1_126' title='bbox 748 1975 796 2033; x_wconf 92' lang='lat' dir='ltr'>ubi</span> <span class='ocrx_word' id='word_1_127' title='bbox 817 1976 886 2032; x_wconf 92' lang='lat' dir='ltr'>haec</span> <span class='ocrx_word' id='word_1_128' title='bbox 907 1979 1033 2033; x_wconf 86' lang='lat' dir='ltr'>exstant:</span> <span class='ocrx_word' id='word_1_129' title='bbox 1068 1974 1134 2044; x_wconf 85' lang='lat' dir='ltr'>,Sic</span> <span class='ocrx_word' id='word_1_130' title='bbox 1154 1979 1265 2032; x_wconf 86' lang='lat' dir='ltr'>vestras</span> <span class='ocrx_word' id='word_1_131' title='bbox 1285 1971 1409 2030; x_wconf 89' lang='grc'><strong>111111111-</strong></span> 
     </span>
     <span class='ocr_line' id='line_1_15' title="bbox 299 2071 1412 2145; baseline -0.002 -15"><span class='ocrx_word' id='word_1_132' title='bbox 299 2073 428 2132; x_wconf 87' lang='lat' dir='ltr'>nationes</span> <span class='ocrx_word' id='word_1_133' title='bbox 444 2072 505 2131; x_wconf 88' lang='lat' dir='ltr'>fero</span> <span class='ocrx_word' id='word_1_134' title='bbox 523 2072 756 2144; x_wconf 88' lang='lat' dir='ltr'>quemadmodum</span> <span class='ocrx_word' id='word_1_135' title='bbox 774 2071 904 2144; x_wconf 91' lang='lat' dir='ltr'>Iuppiter</span> <span class='ocrx_word' id='word_1_136' title='bbox 918 2073 1041 2144; x_wconf 91' lang='lat' dir='ltr'>optimus</span> <span class='ocrx_word' id='word_1_137' title='bbox 1054 2072 1193 2130; x_wconf 87' lang='lat' dir='ltr'>maximus</span> <span class='ocrx_word' id='word_1_138' title='bbox 1205 2072 1328 2145; x_wconf 85' lang='lat' dir='ltr'>ineptias</span> <span class='ocrx_word' id='word_1_139' title='bbox 1341 2075 1412 2141; x_wconf 87' lang='lat' dir='ltr'>poe-</span> 
     </span>
     <span class='ocr_line' id='line_1_16' title="bbox 299 2168 1412 2241; baseline 0.002 -13"><span class='ocrx_word' id='word_1_140' title='bbox 299 2174 408 2240; x_wconf 89' lang='lat' dir='ltr'>tarum,</span> <span class='ocrx_word' id='word_1_141' title='bbox 434 2186 555 2241; x_wconf 92' lang='lat' dir='ltr'>quornm</span> <span class='ocrx_word' id='word_1_142' title='bbox 575 2171 649 2228; x_wconf 90' lang='lat' dir='ltr'>alius</span> <span class='ocrx_word' id='word_1_143' title='bbox 669 2170 713 2228; x_wconf 91' lang='lat' dir='ltr'>illi</span> <span class='ocrx_word' id='word_1_144' title='bbox 734 2169 795 2227; x_wconf 91' lang='grc'><strong>1111</strong></span> <span class='ocrx_word' id='word_1_145' title='bbox 815 2169 948 2241; x_wconf 87' lang='lat' dir='ltr'>inposuit,</span> <span class='ocrx_word' id='word_1_146' title='bbox 971 2169 1043 2227; x_wconf 89' lang='lat' dir='ltr'>alius</span> <span class='ocrx_word' id='word_1_147' title='bbox 1064 2184 1180 2239; x_wconf 89' lang='lat' dir='ltr'>cornua,</span> <span class='ocrx_word' id='word_1_148' title='bbox 1203 2168 1277 2226; x_wconf 89' lang='lat' dir='ltr'>alius</span> <span class='ocrx_word' id='word_1_149' title='bbox 1298 2171 1412 2230; x_wconf 89' lang='lat' dir='ltr'>adulto·</span> 
     </span>
     <span class='ocr_line' id='line_1_17' title="bbox 301 2267 1410 2340; baseline 0.004 -16"><span class='ocrx_word' id='word_1_150' title='bbox 301 2284 364 2325; x_wconf 90' lang='lat' dir='ltr'>rum</span> <span class='ocrx_word' id='word_1_151' title='bbox 389 2269 467 2326; x_wconf 92' lang='lat' dir='ltr'>illum</span> <span class='ocrx_word' id='word_1_152' title='bbox 494 2268 607 2326; x_wconf 89' lang='lat' dir='ltr'>induxit</span> <span class='ocrx_word' id='word_1_153' title='bbox 627 2272 657 2326; x_wconf 86' lang='lat' dir='ltr'>et</span> <span class='ocrx_word' id='word_1_154' title='bbox 683 2269 896 2339; x_wconf 85' lang='lat' dir='ltr'>abnoctantem,</span> <span class='ocrx_word' id='word_1_155' title='bbox 930 2267 1003 2325; x_wconf 90' lang='lat' dir='ltr'>alins</span> <span class='ocrx_word' id='word_1_156' title='bbox 1024 2283 1139 2325; x_wconf 88' lang='lat' dir='ltr'>saevum</span> <span class='ocrx_word' id='word_1_157' title='bbox 1168 2267 1198 2323; x_wconf 92' lang='lat' dir='ltr'>iu</span> <span class='ocrx_word' id='word_1_158' title='bbox 1224 2267 1303 2340; x_wconf 91' lang='lat' dir='ltr'>deos,</span> <span class='ocrx_word' id='word_1_159' title='bbox 1336 2269 1410 2329; x_wconf 87' lang='lat' dir='ltr'>alius</span> 
     </span>
     <span class='ocr_line' id='line_1_18' title="bbox 301 2365 1411 2437; baseline 0.002 -15"><span class='ocrx_word' id='word_1_160' title='bbox 301 2365 429 2436; x_wconf 90' lang='lat' dir='ltr'>iniquum</span> <span class='ocrx_word' id='word_1_161' title='bbox 457 2365 488 2422; x_wconf 93' lang='lat' dir='ltr'>in</span> <span class='ocrx_word' id='word_1_162' title='bbox 513 2366 655 2434; x_wconf 89' lang='lat' dir='ltr'>homines,</span> <span class='ocrx_word' id='word_1_163' title='bbox 687 2365 762 2423; x_wconf 88' lang='lat' dir='ltr'>alins</span> <span class='ocrx_word' id='word_1_164' title='bbox 787 2370 934 2437; x_wconf 88' lang='lat' dir='ltr'>raptorum</span> <span class='ocrx_word' id='word_1_165' title='bbox 955 2365 1143 2436; x_wconf 82' lang='lat' dir='ltr'>ingenuorum</span> <span class='ocrx_word' id='word_1_166' title='bbox 1164 2368 1360 2437; x_wconf 83' lang='lat' dir='ltr'>corruptorem</span> <span class='ocrx_word' id='word_1_167' title='bbox 1381 2373 1411 2424; x_wconf 90' lang='lat' dir='ltr'>et</span> 
     </span>
     <span class='ocr_line' id='line_1_19' title="bbox 300 2461 1410 2536; baseline 0.002 -16"><span class='ocrx_word' id='word_1_168' title='bbox 300 2468 485 2536; x_wconf 84' lang='lat' dir='ltr'>cognatorum</span> <span class='ocrx_word' id='word_1_169' title='bbox 517 2464 642 2536; x_wconf 87' lang='lat' dir='ltr'>quidem,</span> <span class='ocrx_word' id='word_1_170' title='bbox 675 2463 749 2520; x_wconf 90' lang='lat' dir='ltr'>alius</span> <span class='ocrx_word' id='word_1_171' title='bbox 779 2462 953 2535; x_wconf 89' lang='lat' dir='ltr'>parricidam</span> <span class='ocrx_word' id='word_1_172' title='bbox 979 2467 1008 2520; x_wconf 89' lang='grc'>11</span> <span class='ocrx_word' id='word_1_173' title='bbox 1033 2461 1116 2534; x_wconf 82' lang='lat' dir='ltr'>regni</span> <span class='ocrx_word' id='word_1_174' title='bbox 1136 2461 1222 2520; x_wconf 89' lang='lat' dir='ltr'>alieni</span> <span class='ocrx_word' id='word_1_175' title='bbox 1241 2465 1410 2535; x_wconf 87' lang='lat' dir='ltr'>paternique</span> 
     </span>
     <span class='ocr_line' id='line_1_20' title="bbox 300 2559 1409 2633; baseline 0.003 -15"><span class='ocrx_word' id='word_1_176' title='bbox 300 2566 550 2633; x_wconf 83' lang='lat' dir='ltr'>expugnatorem.“</span> <span class='ocrx_word' id='word_1_177' title='bbox 596 2560 631 2618; x_wconf 89' lang='lat' dir='ltr'>In</span> <span class='ocrx_word' id='word_1_178' title='bbox 656 2560 773 2619; x_wconf 90' lang='lat' dir='ltr'>eandem</span> <span class='ocrx_word' id='word_1_179' title='bbox 799 2560 972 2618; x_wconf 86' lang='lat' dir='ltr'>sententiam</span> <span class='ocrx_word' id='word_1_180' title='bbox 993 2560 1070 2618; x_wconf 90' lang='lat' dir='ltr'>diota</span> <span class='ocrx_word' id='word_1_181' title='bbox 1091 2565 1158 2617; x_wconf 91' lang='lat' dir='ltr'>sunt</span> <span class='ocrx_word' id='word_1_182' title='bbox 1178 2559 1213 2618; x_wconf 93' lang='lat' dir='ltr'>de</span> <span class='ocrx_word' id='word_1_183' title='bbox 1234 2559 1309 2618; x_wconf 88' lang='lat' dir='ltr'>brev.</span> <span class='ocrx_word' id='word_1_184' title='bbox 1332 2562 1409 2621; x_wconf 86' lang='lat' dir='ltr'>vitae</span> 
     </span>
    </p>
   </div>
   <div class='ocr_carea' id='block_1_5' title="bbox 299 2654 1409 2948">
    <p class='ocr_par' dir='ltr' id='par_1_5' title="bbox 299 2654 1409 2948">
     <span class='ocr_line' id='line_1_21' title="bbox 302 2654 1409 2731; baseline 0.002 -16"><span class='ocrx_word' id='word_1_185' title='bbox 302 2659 347 2728; x_wconf 86' lang='grc'>16,</span> <span class='ocrx_word' id='word_1_186' title='bbox 369 2659 387 2717; x_wconf 84' lang='grc'><strong>5</strong></span> <span class='ocrx_word' id='word_1_187' title='bbox 413 2658 496 2717; x_wconf 90' lang='lat' dir='ltr'>baec:</span> <span class='ocrx_word' id='word_1_188' title='bbox 524 2657 613 2731; x_wconf 83' lang='lat' dir='ltr'>„Indo</span> <span class='ocrx_word' id='word_1_189' title='bbox 639 2659 726 2716; x_wconf 88' lang='lat' dir='ltr'>etiam</span> <span class='ocrx_word' id='word_1_190' title='bbox 746 2661 895 2728; x_wconf 87' lang='lat' dir='ltr'>po&#39;e&#39;tarum</span> <span class='ocrx_word' id='word_1_191' title='bbox 915 2656 995 2714; x_wconf 87' lang='lat' dir='ltr'>furor</span> <span class='ocrx_word' id='word_1_192' title='bbox 1015 2654 1119 2714; x_wconf 89' lang='lat' dir='ltr'>fabulis</span> <span class='ocrx_word' id='word_1_193' title='bbox 1139 2657 1276 2716; x_wconf 89' lang='lat' dir='ltr'>humanos</span> <span class='ocrx_word' id='word_1_194' title='bbox 1297 2675 1409 2717; x_wconf 88' lang='lat' dir='ltr'>errores</span> 
     </span>
     <span class='ocr_line' id='line_1_22' title="bbox 299 2753 1406 2827; baseline 0.003 -16"><span class='ocrx_word' id='word_1_195' title='bbox 299 2756 449 2824; x_wconf 89' lang='lat' dir='ltr'>alentium,</span> <span class='ocrx_word' id='word_1_196' title='bbox 481 2755 582 2827; x_wconf 91' lang='lat' dir='ltr'>quibus</span> <span class='ocrx_word' id='word_1_197' title='bbox 607 2755 684 2813; x_wconf 88' lang='lat' dir='ltr'>visus</span> <span class='ocrx_word' id='word_1_198' title='bbox 709 2758 753 2812; x_wconf 89' lang='grc'>111</span> <span class='ocrx_word' id='word_1_199' title='bbox 772 2753 888 2825; x_wconf 86' lang='lat' dir='ltr'>Jupiter</span> <span class='ocrx_word' id='word_1_200' title='bbox 907 2753 1058 2826; x_wconf 88' lang='lat' dir='ltr'>voluptate</span> <span class='ocrx_word' id='word_1_201' title='bbox 1079 2754 1245 2813; x_wconf 88' lang='lat' dir='ltr'>concubitus</span> <span class='ocrx_word' id='word_1_202' title='bbox 1266 2755 1406 2815; x_wconf 89' lang='lat' dir='ltr'>delenitus</span> 
     </span>
     <span class='ocr_line' id='line_1_23' title="bbox 300 2849 1314 2948; baseline 0.001 -38"><span class='ocrx_word' id='word_1_203' title='bbox 300 2852 459 2925; x_wconf 87' lang='lat' dir='ltr'>duplicasse</span> <span class='ocrx_word' id='word_1_204' title='bbox 479 2856 618 2910; x_wconf 85' lang='lat' dir='ltr'>noctem.“</span> <span class='ocrx_word' id='word_1_205' title='bbox 651 2851 758 2940; x_wconf 81' lang='lat' dir='ltr'>Pergit</span> <span class='ocrx_word' id='word_1_206' title='bbox 774 2856 869 2908; x_wconf 90' lang='lat' dir='ltr'>antem</span> <span class='ocrx_word' id='word_1_207' title='bbox 889 2849 1003 2907; x_wconf 88' lang='lat' dir='ltr'>Aetnae</span> <span class='ocrx_word' id='word_1_208' title='bbox 1023 2854 1109 2948; x_wconf 83' lang='lat' dir='ltr'>po&#39;e&#39;ta</span> <span class='ocrx_word' id='word_1_209' title='bbox 1129 2867 1156 2909; x_wconf 91' lang='lat' dir='ltr'>v.</span> <span class='ocrx_word' id='word_1_210' title='bbox 1179 2850 1215 2908; x_wconf 87' lang='lat'>31</span> <span class='ocrx_word' id='word_1_211' title='bbox 1238 2867 1314 2923; x_wconf 87' lang='lat' dir='ltr'>sqq.:</span> 
     </span>
    </p>
   </div>
   <div class='ocr_carea' id='block_1_6' title="bbox 496 2984 1225 3140">
    <p class='ocr_par' dir='ltr' id='par_1_6' title="bbox 496 2984 1225 3140">
     <span class='ocr_line' id='line_1_24' title="bbox 500 2984 1225 3056; baseline -0.001 -14"><span class='ocrx_word' id='word_1_212' title='bbox 500 2985 624 3053; x_wconf 89' lang='lat' dir='ltr'>,Debita</span> <span class='ocrx_word' id='word_1_213' title='bbox 644 2984 815 3043; x_wconf 89' lang='lat' dir='ltr'>carminibus</span> <span class='ocrx_word' id='word_1_214' title='bbox 835 2984 955 3042; x_wconf 91' lang='lat' dir='ltr'>libertas</span> <span class='ocrx_word' id='word_1_215' title='bbox 975 2984 1041 3056; x_wconf 84' lang='lat' dir='ltr'>ista,</span> <span class='ocrx_word' id='word_1_216' title='bbox 1064 2984 1113 3041; x_wconf 89' lang='lat' dir='ltr'>sed</span> <span class='ocrx_word' id='word_1_217' title='bbox 1135 2984 1225 3042; x_wconf 91' lang='lat' dir='ltr'>omnis</span> 
     </span>
     <span class='ocr_line' id='line_1_25' title="bbox 496 3081 826 3140; baseline 0 0"><span class='ocrx_word' id='word_1_218' title='bbox 496 3081 531 3140; x_wconf 95' lang='lat' dir='ltr'>In</span> <span class='ocrx_word' id='word_1_219' title='bbox 551 3098 620 3140; x_wconf 91' lang='lat' dir='ltr'>vero</span> <span class='ocrx_word' id='word_1_220' title='bbox 641 3082 711 3139; x_wconf 93' lang='lat' dir='ltr'>mihi</span> <span class='ocrx_word' id='word_1_221' title='bbox 731 3088 826 3140; x_wconf 88' lang='lat' dir='ltr'>cura.“</span> 
     </span>
    </p>
   </div>
   <div class='ocr_carea' id='block_1_7' title="bbox 246 3214 1410 4167">
    <p class='ocr_par' dir='ltr' id='par_1_7' title="bbox 246 3214 1410 4167">
     <span class='ocr_line' id='line_1_26' title="bbox 378 3214 1410 3288; baseline 0 -14"><span class='ocrx_word' id='word_1_222' title='bbox 378 3216 484 3274; x_wconf 89' lang='lat' dir='ltr'>Verum</span> <span class='ocrx_word' id='word_1_223' title='bbox 504 3219 599 3274; x_wconf 86' lang='lat' dir='ltr'>autem</span> <span class='ocrx_word' id='word_1_224' title='bbox 619 3231 752 3273; x_wconf 88' lang='lat' dir='ltr'>sensuum</span> <span class='ocrx_word' id='word_1_225' title='bbox 772 3219 933 3273; x_wconf 87' lang='lat' dir='ltr'>nostrorum</span> <span class='ocrx_word' id='word_1_226' title='bbox 954 3214 1118 3273; x_wconf 88' lang='lat' dir='ltr'>testimonio</span> <span class='ocrx_word' id='word_1_227' title='bbox 1139 3215 1183 3274; x_wconf 90' lang='grc'>111</span> <span class='ocrx_word' id='word_1_228' title='bbox 1205 3215 1310 3288; x_wconf 90' lang='lat' dir='ltr'>optime</span> <span class='ocrx_word' id='word_1_229' title='bbox 1331 3232 1410 3275; x_wconf 92' lang='lat' dir='ltr'>com·</span> 
     </span>
     <span class='ocr_line' id='line_1_27' title="bbox 298 3310 1409 3386; baseline 0.001 -15"><span class='ocrx_word' id='word_1_230' title='bbox 298 3312 450 3386; x_wconf 88' lang='lat' dir='ltr'>probatur:</span> <span class='ocrx_word' id='word_1_231' title='bbox 484 3311 583 3371; x_wconf 85' lang='lat' dir='ltr'>diffide</span> <span class='ocrx_word' id='word_1_232' title='bbox 602 3313 708 3386; x_wconf 79' lang='lat' dir='ltr'>poetis,</span> <span class='ocrx_word' id='word_1_233' title='bbox 743 3310 799 3370; x_wconf 89' lang='lat' dir='ltr'>fide</span> <span class='ocrx_word' id='word_1_234' title='bbox 822 3313 910 3371; x_wconf 90' lang='lat' dir='ltr'>oculis</span> <span class='ocrx_word' id='word_1_235' title='bbox 932 3313 1014 3384; x_wconf 89' lang='lat' dir='ltr'>solis,</span> <span class='ocrx_word' id='word_1_236' title='bbox 1040 3312 1111 3371; x_wconf 89' lang='lat' dir='ltr'>haec</span> <span class='ocrx_word' id='word_1_237' title='bbox 1132 3317 1177 3372; x_wconf 91' lang='lat' dir='ltr'>est</span> <span class='ocrx_word' id='word_1_238' title='bbox 1195 3313 1333 3385; x_wconf 89' lang='lat' dir='ltr'>primaria</span> <span class='ocrx_word' id='word_1_239' title='bbox 1352 3315 1409 3383; x_wconf 85' lang='lat' dir='ltr'>lex,</span> 
     </span>
     <span class='ocr_line' id='line_1_28' title="bbox 300 3411 1407 3485; baseline 0 -15"><span class='ocrx_word' id='word_1_240' title='bbox 300 3411 335 3470; x_wconf 91' lang='lat' dir='ltr'>of.</span> <span class='ocrx_word' id='word_1_241' title='bbox 357 3428 402 3468; x_wconf 91' lang='lat' dir='ltr'>vv.</span> <span class='ocrx_word' id='word_1_242' title='bbox 426 3411 492 3483; x_wconf 87' lang='lat'>136,</span> <span class='ocrx_word' id='word_1_243' title='bbox 516 3411 582 3479; x_wconf 85' lang='grc'><strong>179,</strong></span> <span class='ocrx_word' id='word_1_244' title='bbox 607 3412 673 3482; x_wconf 87' lang='grc'><strong>191,</strong></span> <span class='ocrx_word' id='word_1_245' title='bbox 695 3412 761 3484; x_wconf 85' lang='grc'><strong>331,</strong></span> <span class='ocrx_word' id='word_1_246' title='bbox 778 3411 921 3482; x_wconf 77' lang='grc'><strong>449111,</strong></span> <span class='ocrx_word' id='word_1_247' title='bbox 937 3411 1003 3470; x_wconf 85' lang='lat'>543.</span> <span class='ocrx_word' id='word_1_248' title='bbox 1036 3411 1407 3485; x_wconf 74' lang='grc'><strong>11111111111111111111111</strong></span> 
     </span>
     <span class='ocr_line' id='line_1_29' title="bbox 248 3494 1410 3581; baseline 0.002 -16"><span class='ocrx_word' id='word_1_249' title='bbox 248 3494 252 3502; x_wconf 77' lang='grc'><strong>’</strong></span> <span class='ocrx_word' id='word_1_250' title='bbox 297 3509 503 3580; x_wconf 86' lang='lat' dir='ltr'>relinquantur,</span> <span class='ocrx_word' id='word_1_251' title='bbox 527 3508 627 3579; x_wconf 88' lang='lat' dir='ltr'>quibus</span> <span class='ocrx_word' id='word_1_252' title='bbox 648 3525 732 3567; x_wconf 91' lang='lat' dir='ltr'>aures</span> <span class='ocrx_word' id='word_1_253' title='bbox 752 3508 896 3566; x_wconf 89' lang='lat' dir='ltr'>oblectare</span> <span class='ocrx_word' id='word_1_254' title='bbox 916 3508 1096 3581; x_wconf 88' lang='lat' dir='ltr'>propositum</span> <span class='ocrx_word' id='word_1_255' title='bbox 1118 3514 1162 3567; x_wconf 91' lang='lat' dir='ltr'>est</span> <span class='ocrx_word' id='word_1_256' title='bbox 1182 3513 1212 3565; x_wconf 90' lang='grc'>11</span> <span class='ocrx_word' id='word_1_257' title='bbox 1233 3504 1344 3567; x_wconf 88' lang='lat' dir='ltr'>dulcem</span> <span class='ocrx_word' id='word_1_258' title='bbox 1363 3509 1410 3568; x_wconf 86' lang='lat' dir='ltr'>fa-</span> 
     </span>
     <span class='ocr_line' id='line_1_30' title="bbox 298 3603 1409 3679; baseline 0.004 -18"><span class='ocrx_word' id='word_1_259' title='bbox 298 3605 394 3662; x_wconf 92' lang='lat' dir='ltr'>bulam</span> <span class='ocrx_word' id='word_1_260' title='bbox 414 3605 537 3663; x_wconf 70' lang='lat' dir='ltr'>nectere*</span> <span class='ocrx_word' id='word_1_261' title='bbox 560 3603 608 3679; x_wconf 91' lang='lat' dir='ltr'>(de</span> <span class='ocrx_word' id='word_1_262' title='bbox 629 3603 720 3662; x_wconf 87' lang='lat' dir='ltr'>benef.</span> <span class='ocrx_word' id='word_1_263' title='bbox 743 3604 767 3672; x_wconf 87' lang='lat' dir='ltr'>I,</span> <span class='ocrx_word' id='word_1_264' title='bbox 789 3606 818 3675; x_wconf 88' lang='grc'>4,</span> <span class='ocrx_word' id='word_1_265' title='bbox 840 3605 885 3679; x_wconf 84' lang='lat'>5):</span> <span class='ocrx_word' id='word_1_266' title='bbox 907 3621 972 3662; x_wconf 89' lang='lat' dir='ltr'>nam</span> <span class='ocrx_word' id='word_1_267' title='bbox 988 3609 1097 3678; x_wconf 79' lang='lat' dir='ltr'>‘poetae</span> <span class='ocrx_word' id='word_1_268' title='bbox 1113 3621 1167 3663; x_wconf 93' lang='lat' dir='ltr'>non</span> <span class='ocrx_word' id='word_1_269' title='bbox 1181 3610 1283 3679; x_wconf 86' lang='lat' dir='ltr'>putant</span> <span class='ocrx_word' id='word_1_270' title='bbox 1297 3607 1409 3665; x_wconf 88' lang='lat' dir='ltr'>adrem</span> 
     </span>
     <span class='ocr_line' id='line_1_31' title="bbox 299 3701 1407 3779; baseline 0.003 -19"><span class='ocrx_word' id='word_1_271' title='bbox 299 3701 443 3774; x_wconf 88' lang='lat' dir='ltr'>pertinere</span> <span class='ocrx_word' id='word_1_272' title='bbox 464 3719 561 3761; x_wconf 89' lang='lat' dir='ltr'>verum</span> <span class='ocrx_word' id='word_1_273' title='bbox 582 3701 684 3760; x_wconf 84' lang='lat' dir='ltr'>dicere&#39;</span> <span class='ocrx_word' id='word_1_274' title='bbox 706 3701 754 3776; x_wconf 91' lang='lat' dir='ltr'>(do</span> <span class='ocrx_word' id='word_1_275' title='bbox 776 3701 867 3760; x_wconf 89' lang='lat' dir='ltr'>benef.</span> <span class='ocrx_word' id='word_1_276' title='bbox 889 3703 1032 3779; x_wconf 87' lang='lat'>1,3,10).</span> <span class='ocrx_word' id='word_1_277' title='bbox 1055 3703 1297 3775; x_wconf 71' lang='grc'><strong>1111111111,</strong></span> <span class='ocrx_word' id='word_1_278' title='bbox 1323 3707 1366 3777; x_wconf 91' lang='lat'>18,</span> <span class='ocrx_word' id='word_1_279' title='bbox 1381 3707 1407 3778; x_wconf 84' lang='lat'>5,</span> 
     </span>
     <span class='ocr_line' id='line_1_32' title="bbox 298 3797 1410 3884; baseline 0.004 -27"><span class='ocrx_word' id='word_1_280' title='bbox 298 3800 352 3872; x_wconf 90' lang='lat' dir='ltr'>Vl,</span> <span class='ocrx_word' id='word_1_281' title='bbox 386 3801 439 3866; x_wconf 85' lang='grc'>16,</span> <span class='ocrx_word' id='word_1_282' title='bbox 472 3802 499 3871; x_wconf 85' lang='grc'>3,</span> <span class='ocrx_word' id='word_1_283' title='bbox 532 3799 576 3884; x_wconf 70' lang='lat' dir='ltr'>II,</span> <span class='ocrx_word' id='word_1_284' title='bbox 592 3800 640 3867; x_wconf 85' lang='lat'>42,</span> <span class='ocrx_word' id='word_1_285' title='bbox 665 3801 690 3858; x_wconf 91' lang='lat'>1.</span> <span class='ocrx_word' id='word_1_286' title='bbox 732 3797 787 3857; x_wconf 87' lang='lat' dir='ltr'>Est</span> <span class='ocrx_word' id='word_1_287' title='bbox 806 3799 897 3872; x_wconf 83' lang='lat' dir='ltr'>igitur</span> <span class='ocrx_word' id='word_1_288' title='bbox 918 3802 1090 3873; x_wconf 88' lang='lat' dir='ltr'>contemptio</span> <span class='ocrx_word' id='word_1_289' title='bbox 1111 3802 1201 3858; x_wconf 90' lang='lat' dir='ltr'>omnis</span> <span class='ocrx_word' id='word_1_290' title='bbox 1214 3802 1315 3873; x_wconf 88' lang='lat' dir='ltr'>poesis,</span> <span class='ocrx_word' id='word_1_291' title='bbox 1337 3819 1410 3874; x_wconf 88' lang='lat' dir='ltr'>quae</span> 
     </span>
     <span class='ocr_line' id='line_1_33' title="bbox 297 3896 1409 3971; baseline 0.003 -16"><span class='ocrx_word' id='word_1_292' title='bbox 297 3898 411 3970; x_wconf 89' lang='lat' dir='ltr'>quidem</span> <span class='ocrx_word' id='word_1_293' title='bbox 431 3915 450 3955; x_wconf 90' lang='grc'>1</span> <span class='ocrx_word' id='word_1_294' title='bbox 469 3913 538 3955; x_wconf 84' lang='grc'><strong>1111</strong></span> <span class='ocrx_word' id='word_1_295' title='bbox 559 3913 593 3954; x_wconf 88' lang='grc'>11</span> <span class='ocrx_word' id='word_1_296' title='bbox 614 3896 708 3955; x_wconf 91' lang='lat' dir='ltr'>sobrio</span> <span class='ocrx_word' id='word_1_297' title='bbox 728 3897 853 3970; x_wconf 90' lang='lat' dir='ltr'>recedat,</span> <span class='ocrx_word' id='word_1_298' title='bbox 875 3898 987 3956; x_wconf 89' lang='lat' dir='ltr'>Aetnae</span> <span class='ocrx_word' id='word_1_299' title='bbox 1002 3899 1114 3956; x_wconf 87' lang='lat' dir='ltr'>auctori</span> <span class='ocrx_word' id='word_1_300' title='bbox 1127 3900 1238 3971; x_wconf 81' lang='lat' dir='ltr'>egregie</span> <span class='ocrx_word' id='word_1_301' title='bbox 1252 3900 1409 3958; x_wconf 91' lang='lat' dir='ltr'>communis</span> 
     </span>
     <span class='ocr_line' id='line_1_34' title="bbox 246 3990 1408 4068; baseline 0.002 -15"><span class='ocrx_word' id='word_1_302' title='bbox 246 3990 249 3999; x_wconf 80' lang='grc'><strong>“</strong></span> <span class='ocrx_word' id='word_1_303' title='bbox 298 4012 361 4053; x_wconf 90' lang='lat' dir='ltr'>cum</span> <span class='ocrx_word' id='word_1_304' title='bbox 382 3995 497 4053; x_wconf 85' lang='lat' dir='ltr'>Seneca.</span> <span class='ocrx_word' id='word_1_305' title='bbox 530 3993 605 4068; x_wconf 76' lang='lat' dir='ltr'>Quia</span> <span class='ocrx_word' id='word_1_306' title='bbox 626 4000 722 4052; x_wconf 88' lang='lat' dir='ltr'>autom</span> <span class='ocrx_word' id='word_1_307' title='bbox 742 4000 892 4067; x_wconf 79' lang='lat' dir='ltr'>poetarum</span> <span class='ocrx_word' id='word_1_308' title='bbox 912 3997 1059 4054; x_wconf 89' lang='lat' dir='ltr'>mendacia</span> <span class='ocrx_word' id='word_1_309' title='bbox 1080 3997 1197 4055; x_wconf 89' lang='lat' dir='ltr'>credula</span> <span class='ocrx_word' id='word_1_310' title='bbox 1218 4002 1313 4054; x_wconf 88' lang='lat' dir='ltr'>mente</span> <span class='ocrx_word' id='word_1_311' title='bbox 1334 3997 1408 4056; x_wconf 89' lang='lat' dir='ltr'>solet</span> 
     </span>
     <span class='ocr_line' id='line_1_35' title="bbox 298 4092 1408 4167; baseline 0 -15"><span class='ocrx_word' id='word_1_312' title='bbox 298 4095 399 4167; x_wconf 82' lang='lat' dir='ltr'>vulgus</span> <span class='ocrx_word' id='word_1_313' title='bbox 418 4093 567 4165; x_wconf 85' lang='lat' dir='ltr'>amplecti,</span> <span class='ocrx_word' id='word_1_314' title='bbox 598 4092 653 4150; x_wconf 92' lang='lat' dir='ltr'>hoo</span> <span class='ocrx_word' id='word_1_315' title='bbox 673 4093 767 4166; x_wconf 90' lang='lat' dir='ltr'>ipsum</span> <span class='ocrx_word' id='word_1_316' title='bbox 787 4097 891 4166; x_wconf 74' lang='lat' dir='ltr'>poetae</span> <span class='ocrx_word' id='word_1_317' title='bbox 911 4110 968 4151; x_wconf 94' lang='lat' dir='ltr'>non</span> <span class='ocrx_word' id='word_1_318' title='bbox 989 4094 1082 4152; x_wconf 91' lang='lat' dir='ltr'>miuus</span> <span class='ocrx_word' id='word_1_319' title='bbox 1102 4093 1235 4166; x_wconf 88' lang='lat' dir='ltr'>invisum,</span> <span class='ocrx_word' id='word_1_320' title='bbox 1258 4110 1343 4167; x_wconf 87' lang='lat' dir='ltr'>quam</span> <span class='ocrx_word' id='word_1_321' title='bbox 1364 4095 1408 4152; x_wconf 88' lang='grc'><strong>1111</strong></span> 
     </span>
    </p>
   </div>
   <div class='ocr_carea' id='block_1_8' title="bbox 297 4219 508 4228">
    <p class='ocr_par' dir='ltr' id='par_1_8' title="bbox 297 4219 508 4228">
     <span class='ocr_line' id='line_1_36' title="bbox 297 4219 508 4228; baseline -0.014 0"><span class='ocrx_word' id='word_1_322' title='bbox 297 4219 508 4228; x_wconf 76' lang='lat'><strong>———-</strong></span> 
     </span>
    </p>
   </div>
   <div class='ocr_carea' id='block_1_9' title="bbox 387 4295 683 4365">
    <p class='ocr_par' dir='ltr' id='par_1_9' title="bbox 387 4295 683 4365">
     <span class='ocr_line' id='line_1_37' title="bbox 387 4295 683 4365; baseline 0 -15"><span class='ocrx_word' id='word_1_323' title='bbox 387 4297 408 4364; x_wconf 87' lang='lat'>¹)</span> <span class='ocrx_word' id='word_1_324' title='bbox 427 4295 497 4350; x_wconf 89' lang='lat' dir='ltr'>adde</span> <span class='ocrx_word' id='word_1_325' title='bbox 517 4312 560 4365; x_wconf 90' lang='lat' dir='ltr'>ep.</span> <span class='ocrx_word' id='word_1_326' title='bbox 580 4297 622 4365; x_wconf 89' lang='grc'>14,</span> <span class='ocrx_word' id='word_1_327' title='bbox 643 4297 683 4350; x_wconf 90' lang='grc'>18.</span> 
     </span>
    </p>
   </div>
   <div class='ocr_carea' id='block_1_10' title="bbox 0 0 1558 5202">
    <p class='ocr_par' dir='ltr' id='par_1_10' title="bbox 0 0 1558 5202">
     <span class='ocr_line' id='line_1_38' title="bbox 0 0 1558 5202; baseline 0 0"><span class='ocrx_word' id='word_1_328' title='bbox 0 0 1558 5202; x_wconf 95' lang='lat' dir='ltr'> </span> 
     </span>
    </p>
   </div>
  </div>
 </body>
</html>
